3774 5610
136 307 220 367 1253
737 300 840 372 protere
858 331 888 340 -
909 300 1132 372 promunturium
1615 304 1698 365 1254
1753 271 1755 279 ’

140 471 177 525 ad
195 470 243 541 (c)
267 470 342 542 ripas
366 472 414 544 (a)
434 472 580 544 Sequanae
601 488 617 528 e
638 471 750 544 regione
767 472 898 528 Lutatiae
941 469 978 526 ab
1003 470 1060 526 illis
1087 469 1241 526 abductum
1266 468 1417 526 aueum
1439 473 1533 525 masat
1549 468 1621 541 ipse,
1639 511 1646 525 .
1664 510 1697 525 ..

137 561 236 612 contra
253 557 372 615 Labieni
391 563 484 614 castra
501 557 665 614 considunt:
683 557 743 614 VH
753 559 795 628 58,
806 559 850 630 6.)
940 555 990 611 sed
1016 572 1051 611 ne
1077 556 1119 611 ilii
1142 556 1264 612 habeant
1287 559 1458 627 quocontra
1474 571 1504 610 se
1522 556 1565 612 uti
1582 556 1698 628 possint.

172 642 210 698 B.
228 643 296 702 trel.
316 644 362 714 (=
375 644 523 715 deserere,
541 644 697 714 proderetq
715 650 747 715 a)
765 645 896 714 aliquid:
941 642 1106 715 proinde,
1123 646 1157 697 ut
1173 648 1245 698 esset
1256 641 1373 707 dictum,
1390 640 1542 712 prouinciis
1559 643 1698 698 excede

136 729 494 798 fascea:2,32‚9a.b);
608 735 629 799 1
647 729 896 798 (Nemios)incre
941 733 1018 784 rent
1051 728 1260 798 exercitumque
1295 725 1534 783 dimitterent:
1565 729 1698 797 1,st,12;

138 815 228 887 pitare
252 820 337 886 atque
359 815 486 870 incusare
510 815 630 888 reliquos
652 817 766 889 Belgas,
794 815 843 888 qui
866 832 896 872 se
941 815 1009 870 saue
1027 830 1086 870 esse
1103 829 1206 886 magna
1223 813 1365 884 utrimque
1381 811 1560 869 incommoda
1576 818 1697 886 accepta.

138 900 244 972 populo
262 901 392 958 Romam
410 900 581 957 dedidissent
593 903 641 975 (o)
655 903 830 974 patriamque
849 903 896 974 (c)
1008 899 1156 972 proinde
1173 899 1227 956 sibi
1253 914 1285 954 ao
1302 898 1341 954 rei
1359 896 1488 970 publicae
1505 903 1697 972 parcerent,

137 987 309 1043 uirtutem
334 987 512 1058 proiecissent
539 988 669 1060 (praeiet.
687 988 899 1061 13¹>2111s,s.
941 1001 1005 1040 cnm
1024 1028 1030 1041 .
1051 1029 1056 1039 .
1076 1003 1099 1051 .;
1116 987 1228 1054 3,10,6.

174 1073 208 1143 b)
226 1073 322 1143 alqm:
341 1073 442 1128 ducem
459 1090 543 1129 suum
564 1074 732 1143 Domitium,
749 1075 829 1130 cuiue
849 1091 898 1147 epe
976 1072 1057 1130 B.=
1068 1073 1200 1142 perinde,
1214 1086 1306 1141 aeque
1319 1071 1383 1141 (ae)
1394 1087 1425 1126 a.
1439 1087 1523 1141 acp.
1537 1071 1576 1124 68
1589 1070 1618 1138 (3
1629 1070 1696 1139 loe).

133 1163 224 1230 atque
241 1158 345 1214 fiducia
362 1158 575 1232 permanserint,
598 1160 777 1232 proiectis
794 1160 899 1215 omni·
977 1157 1173 1231 prolatror
1208 1155 1310 1228 quibus
1343 1157 1373 1212 in
1402 1155 1485 1211 rebus
1514 1155 1697 1228 prolationem

135 1244 204 1300 bue
221 1245 306 1315 lagae
325 1245 472 1301 consilium
490 1260 600 1317 capere:
618 1247 735 1315 1‚20,a;
754 1277 786 1288 —
806 1247 899 1318 (cato)
942 1243 999 1300 diei
1027 1243 1206 1300 donationem
1235 1258 1295 1298 esse
1324 1242 1454 1299 dicebant
1486 1241 1533 1312 (a.
1564 1240 1645 1313 00>2
1671 1242 1698 1309 3,

129 1330 306 1400 queriturin
318 1330 446 1386 cendone
463 1347 537 1387 sese
553 1331 753 1404 proiectum
771 1347 808 1387 ac
825 1347 900 1402 pro·
941 1330 1018 1400 ³2&

129 1415 250 1470 ditum
273 1431 291 1470 a
313 1417 366 1472 (in.
383 1416 530 1488 Pompeio,
555 1417 605 1489 qui
627 1458 634 1473 .
654 1458 661 1473 .
679 1435 700 1474 .:
724 1417 843 1485 1,30‚5;
866 1447 900 1459 -
976 1417 1139 1489 proluot
1157 1421 1238 1471 tauta
1254 1417 1326 1472 enim
1346 1419 1496 1487 tempestae
1513 1412 1648 1481 comitur,
1665 1417 1698 1468 ut

128 1500 261 1556 desertos
279 1503 300 1572 †
316 1503 391 1558 enim
413 1519 443 1558 se
465 1518 498 1557 ac
521 1502 681 1574 proditcsa
704 1503 785 1560 uobis
803 1502 901 1559 dicunt
942 1518 1098 1573 numquam
1125 1501 1182 1556 illis
1206 1501 1274 1557 loeis
1296 1502 1413 1558 maiores
1436 1502 1483 1573 (e)
1507 1515 1594 1571 aquas
1611 1499 1697 1554 fuisse

130 1591 167 1642 ·et
186 1587 284 1658 prioris
302 1589 470 1644 sacramenti
488 1589 657 1644 mentionem
676 1590 792 1646 faciunt
810 1605 899 1645 nosne
942 1593 1090 1644 constaret.
1120 1592 1182 1643 tum
1212 1594 1307 1644 autem
1336 1604 1371 1643 ex
1396 1584 1527 1642 omnibus
1553 1583 1696 1640 montibus

140 1689 206 1728 uero
229 1672 261 1728 L.
279 1673 437 1729 Domitium
460 1691 496 1729 an
515 1691 576 1730 uos
593 1675 736 1732 Domitius
754 1675 899 1731 deseruit?
942 1674 1043 1729 niues
1068 1673 1174 1746 proluit
1201 1673 1384 1747 (profluitO
1410 1689 1443 1728 ac
1469 1687 1594 1727 summas
1623 1669 1696 1742 ripas

138 1775 233 1814 nonne
254 1764 408 1815 extremm
434 1763 492 1832 pati
509 1761 654 1816 somonam
672 1767 817 1834 paratos
835 1777 896 1834 pro-
942 1759 1065 1815 fluminis
1083 1761 1238 1832 superauit:
1256 1761 1366 1830 1,48,2.

136 1844 205 1901 iecit
220 1845 287 1901 ille?
305 1861 362 1901 non
375 1846 422 1917 (o)
438 1845 492 1902 eibi
509 1847 585 1902 elam
602 1847 685 1903 uobis
696 1847 817 1903 salutem
829 1847 898 1918 iuga
974 1848 1204 1920 promincor
1225 1851 1356 1902 matres
1378 1843 1535 1901 familiae
1558 1843 1594 1900 de
1616 1859 1697 1898 muro

138 1931 259 2003 petiuit?
288 1947 345 1988 non
373 1932 421 2003 (a)
450 1931 554 2003 proditi
584 1950 634 2005 per
660 1933 741 1989 iilum
770 1933 897 1989 Caesaris
940 1939 1047 1989 ueswm
1082 1939 1285 2006 argentumque
1318 1932 1463 1988 iactabant
1490 1935 1519 1986 et
1553 1936 1696 2003 pectore

139 2017 272 2073 malicie
294 2018 361 2073 estis
384 2019 559 2074 conseruati?
586 2024 762 2075 sacramento
784 2018 897 2091 quidem
939 2018 1033 2074 nudo
1057 2019 1295 2090 prominentes
1317 2019 1407 2090 passis
1424 2016 1555 2073 manibus
1573 2016 1695 2073 obtesta-

138 2119 191 2158 uos
209 2109 301 2158 tenere
318 2103 366 2175 qui
383 2103 476 2175 potuit
493 2105 667 2174 (Domitius),
685 2123 751 2162 cum
769 2104 897 2177 proiectis
941 2103 1044 2160 bantur
1062 2107 1110 2177 (o)
1129 2104 1272 2160 Romanos
1282 2145 1290 2173 ,
1307 2108 1352 2159 ut:
1370 2103 1432 2160 VII
1441 2104 1485 2172 47,
1493 2104 1518 2161 5.

137 2188 263 2245 imoibus
280 2193 309 2244 et
327 2189 452 2262 deposito
470 2191 586 2262 imperio
603 2192 733 2263 priuatus
750 2197 779 2247 et
795 2196 895 2263 captus
975 2191 1220 2263 promiscue:
1249 2190 1330 2246 cuius
1359 2190 1399 2245 rei
1427 2189 1508 2245 nulia
1533 2194 1577 2245 est
1603 2188 1696 2244 occul·

133 2276 199 2347 ipae
215 2275 245 2330 iu
262 2274 383 2330 alienam
401 2275 524 2332 uenisset
535 2282 716 2348 potestatem:
728 2277 753 2344 2,
762 2277 806 2345 32,
816 2278 896 2334 7-9,
938 2278 1021 2342 tatio,
1049 2275 1124 2348 quod
1150 2282 1179 2332 et
1201 2276 1359 2349 promiscue
1381 2276 1411 2331 iu
1432 2275 1596 2332 fluminibus
1622 2289 1695 2346 per·

174 2360 357 2433 proinde.
396 2361 617 2434 d.=itaque,
646 2378 734 2432 quam
758 2362 897 2432 obremq
938 2363 1086 2418 luuntur
1103 2367 1144 2418 et:
1162 2361 1295 2431 visus.

131 2449 172 2518 ra)
196 2448 227 2503 in
250 2449 327 2504 orat.
350 2449 447 2504 reeta:
475 2464 512 2502 au
539 2447 717 2517 dubitamus,
743 2449 811 2520 quin
972 2448 1182 2520 promittor
1218 2448 1410 2520 capilloque
1440 2447 1589 2516 (Britanni)
1625 2450 1694 2502 aunt

140 2533 261 2588 Romani
282 2533 340 2588 iam
365 2533 401 2588 ad
418 2550 469 2589 uos
487 2533 692 2590 interficiendos
710 2533 895 2590 concurrenti
939 2534 1116 2606 promisso
1151 2539 1237 2605 atque
1265 2533 1342 2590 omni
1372 2539 1451 2606 parte
1478 2535 1600 2607 corporis
1629 2548 1694 2589 rasa

130 2617 299 2690 proinde,
317 2618 425 2690 siquid
442 2619 472 2674 in
489 2618 571 2675 nobis
589 2620 676 2674 animi
691 2625 735 2675 est
752 2620 809 2691 (o),
827 2634 896 2691 per·
940 2627 1047 2693 praeter
1064 2625 1150 2692 caput
1166 2624 1196 2676 et
1212 2618 1324 2675 labrum
1341 2620 1482 2692 superius:
1501 2620 1615 2688 V14,3.

132 2720 322 2776 sequamur
347 2720 443 2760 eorum
471 2710 602 2774 mortem,
628 2706 677 2776 qui
707 2704 898 2776 indignissime
975 2706 1084 2776 [Falsoz
1116 2722 1180 2762 com
1207 2706 1321 2776 (Varro)
1347 2705 1444 2761 itinere
1469 2721 1605 2762 conumso
1633 2721 1694 2760 sese

130 2789 316 2858 interierunt,
346 2795 449 2862 atque
477 2792 529 2847 bos
557 2791 680 2847 latrones
708 2790 897 2846 interficia·
939 2791 1068 2847 Italicam
1081 2792 1128 2864 (c)
1141 2797 1293 2847 uenturum
1311 2792 1497 2863 praemisisset
1509 2791 1693 2863 (lrr'pe.,·pro-

140 2892 228 2930 mus:
246 2874 399 2945 v1138,s;
417 2907 452 2918 -
468 2878 586 2945 frustra,
602 2877 708 2948 inquit,
726 2891 804 2931 meae
821 2875 897 2931 uitae
940 2877 1064 2933 misisset
1081 2879 1131 2951 a>=
1149 2879 1271 2948 2‚20,6.]

133 2961 288 3017 :subuenire
310 2962 463 3031 conamini,
489 2979 573 3034 quern
597 2963 654 3018 iam
676 2961 791 3034 sanguis
809 2961 894 3016 uires·
974 2963 1316 3034 (promontorium,
1328 2962 1652 3035 promontorium
1664 2979 1693 3019 ιι.

132 3062 194 3117 -que
210 3047 350 3102 deficiunt
368 3048 515 3120 proinde
533 3047 644 3117 abite,
661 3047 730 3104 dum
747 3053 790 3103 est
806 3047 896 3102 iacul-
937 3049 1286 3121 promunturium.)

140 3137 195 3199 tas,
220 3148 352 3204 uosque
374 3133 410 3188 ad
436 3133 573 3205 legionem
596 3135 759 3206 recipite:
782 3132 843 3188 VII
853 3133 896 3201 50,
973 3150 1208 3206 promomeor
1233 3135 1331 3191 eodem
1354 3135 1400 3191 die
1421 3139 1536 3190 eastra
1553 3133 1694 3206 promouit

135 3220 169 3285 ·6;
188 3217 337 3284 uidetisue,
355 3219 461 3290 inquit,
480 3219 592 3288 militas,
677 3219 773 3274 abesse
790 3235 891 3291 regem,
938 3225 967 3275 et
989 3219 1104 3276 milibus
1122 3238 1256 3293 passuum
1273 3238 1323 3277 sex
1340 3238 1359 3276 a
1376 3219 1499 3277 caesaris
1517 3218 1614 3276 eastris
1633 3260 1639 3276 .
1658 3261 1665 3277 .
1684 3262 1691 3277 .

139 3303 256 3376 exiguas
273 3320 333 3360 esse
349 3305 443 3378 copias
462 3306 577 3375 missas,
594 3321 666 3377 quae
684 3303 780 3376 paucis
797 3304 895 3375 equiti·
938 3305 1077 3362 consedit:
1095 3307 1206 3377 148‚1;
1293 3312 1313 3376 1
1335 3306 1452 3379 paulum
1474 3305 1638 3378 (pardulum
1656 3307 1691 3379 a>

140 3389 195 3446 bus
221 3407 302 3462 pares
324 3406 384 3446 esse
409 3407 466 3446 non
494 3391 654 3463 potuerint?
685 3390 833 3463 proinde
859 3389 896 3444 ad
938 3392 1097 3464 legiones
1115 3393 1232 3463 anear,
1249 3410 1320 3466 quaa
1338 3409 1388 3466 pro
1406 3391 1483 3448 uallo
1501 3393 1693 3462 comtituerat,

139 3475 285 3545 praedam,
308 3477 345 3532 ad
367 3476 484 3549 gloriam
510 3482 715 3549 properate,
737 3477 843 3532 utiam
861 3475 896 3532 de
939 3479 1098 3551 promoueri
1120 3480 1209 3536 iubet:
1228 3479 1288 3537 VII
1299 3480 1381 3549 ‘10,5;
1519 3479 1605 3548 (qui
1622 3477 1692 3547 (Ro-

142 3561 270 3632 praemiis
296 3564 398 3618 uestris
516 3565 638 3636 cogitare
664 3564 847 3636 incipiamus:
869 3563 895 3632 2,
938 3564 1026 3633 mani)
1048 3571 1143 3621 tantae
1153 3565 1309 3622 altitudinis
1327 3564 1599 3634 machinationes
1611 3569 1692 3620 tauta

137 3649 214 3716 39,3.
937 3651 1077 3708 celeritate
1106 3669 1267 3724 promouere
1290 3653 1335 3722 (et
1356 3667 1391 3707 ex
1413 3650 1619 3722 propinquitate
1640 3667 1691 3722 pu·

173 3734 206 3804 b)
223 3735 255 3790 ln
273 3737 351 3791 orat.
371 3736 448 3793 obl:
466 3735 579 3791 illorum
596 3752 657 3791 esse
667 3735 800 3808 praedam
811 3742 895 3809 atque
938 3756 1023 3810 gnara
1040 3741 1101 3796 add.
1113 3736 1183 3814 Β“β;
1201 3743 1405 3811 promouerent,
1423 3742 1456 3793 ut
1467 3753 1502 3792 ex
1515 3753 1592 3809 prop.
1604 3753 1690 3809 pugn.

138 3818 193 3874 illia
211 3822 347 3875 reseruari
362 3821 409 3892 (c)
422 3837 615 3894 quaecumque
631 3822 753 3878 Romani
771 3823 894 3894 reliquis·
942 3825 1338 3900 Oiaea>possent:1131,2;
1425 3829 1519 3897 (quo
1536 3825 1611 3882 malo
1630 3842 1691 3899 per·

138 3910 216 3973 sent3
242 3906 390 3979 proinde
416 3909 510 3964 omnia
535 3909 566 3963 in
592 3907 710 3964 uictoria
733 3909 824 3980 posita
847 3910 894 3980 (a)
937 3913 1025 3970 territi
1055 3913 1148 3970 subito
1178 3915 1311 3988 oppidani
1339 3927 1426 3970 saxa
1452 3927 1537 3982 quam
1566 3915 1691 3970 maxima

137 3992 403 4048 existimarent:
421 3993 538 4062 v34,1;
556 3993 708 4050 maioribus
726 3994 799 4049 enim
817 4009 894 4050 coac-
937 4007 1056 4072 possum
1078 4002 1205 4058 uectibus
1228 4006 1396 4075 promouent
1417 4000 1654 4073 praecipitataque
1675 4020 1690 4057 e

138 4078 175 4132 tis
205 4078 292 4149 copiis
321 4093 479 4134 reuersuros
505 4078 670 4150 (Romanos)
696 4095 786 4151 neque
810 4079 894 4135 finem
936 4103 1018 4142 muro
1034 4087 1063 4142 in
1081 4088 1242 4144 musculum
1260 4087 1430 4144 deuoluunt:
1448 4088 1565 4156 2,11,1;
1668 4093 1688 4157 1

138 4161 261 4219 bellandi
284 4165 415 4220 facturos.
439 4165 585 4236 proinde
601 4165 636 4220 in
652 4166 763 4239 agmine
779 4166 894 4238 impodi-
936 4177 1047 4243 posterc
1069 4173 1114 4229 die
1131 4174 1232 4231 ansar
1254 4178 1382 4246 promota
1403 4173 1495 4228 turri
1518 4172 1690 4245 derectisque

136 4255 183 4305 tos
200 4250 409 4306 adoriantur
427 4250 501 4322 (Mu
520 4252 679 4308 adoriemur
695 4252 805 4318 ΒΜῑς),Ι
828 4252 893 4308 ado·
938 4257 984 4329 (a)
1003 4259 1157 4330 operibus.
1176 4301 1183 4316 .
1202 4301 1209 4316 .
1226 4260 1322 4316 iussit:
1341 4259 1487 4328 vllam.

137 4337 259 4392 rirmur
285 4331 347 4410 Αβ,·
377 4335 445 4407 Ns..
475 4337 571 4405 oto..
598 4339 709 4410 Hod>=
737 4337 797 4395 vn
809 4338 893 4407 66,4;
971 4349 1196 4419 promptum
1218 4351 1252 4402 aa
1273 4347 1310 4402 aa
1333 4345 1408 4402 seua
1429 4346 1605 4418 eusaprenaa
1622 4347 1689 4403 aa·

138 4438 228 4495 neque
254 4438 284 4478 ⁸0
302 4463 309 4477 ·
327 4462 334 4477 ·
353 4463 360 4477 ·
379 4423 438 4494 psii
461 4439 542 4494 poeso
563 4424 594 4479 O·
612 4424 758 4481 Omnem
775 4425 894 4497 impert·
937 4430 1028 4487 lorum
1051 4432 1141 4488 dacer
1165 4448 1197 4488 ao
1220 4437 1367 4504 promptus
1392 4437 1436 4487 est
1458 4434 1608 4504 animus,
1635 4435 1687 4490 sic:

138 4514 227 4564 torem
262 4548 270 4565 .
298 4549 305 4564 .
333 4549 340 4564 .
370 4508 474 4580 oppido
509 4510 709 4582 moenibusque
743 4511 893 4584 prohiberi;
936 4516 1070 4586 11119,s.

138 4594 286 4667 proinde
315 4595 443 4651 habeat
469 4597 641 4652 rationem
666 4599 835 4669 posteritatis
864 4603 893 4653 et
974 4603 1097 4661 laudat
1127 4605 1309 4677 (Pompeius)
1344 4609 1523 4678 promptos
1558 4605 1687 4677 (Panto-

139 4682 463 4752 periculisui21,13',1;
490 4683 640 4756 Pompeius
658 4685 733 4741 enim
749 4684 891 4756 rescripse
932 4689 1045 4760 gottw
1074 4692 1220 4763 pompeius
1245 4708 1278 4757 ις
1307 4691 1377 4755 adde
1402 4707 1430 4747 u.
1459 4692 1520 4765 00)
1547 4698 1632 4765 atque
1657 4693 1687 4748 in

138 4773 183 4824 rat
202 4785 262 4824 sese
273 4769 529 4825 reminsummum
541 4769 696 4840 periculum
707 4771 892 4828 deducturum
935 4780 1081 4846 posterum
1115 4778 1275 4846 confirmat,
1315 4777 1453 4850 segniores
1489 4779 1537 4851 (s,-
1566 4780 1687 4836 maiores

136 4870 194 4909 nou
224 4870 284 4910 esse
300 4871 390 4926 neque
409 4871 461 4911 suo
478 4855 594 4912 consilio
612 4899 618 4912 .
637 4899 644 4912 .
664 4900 669 4911 .
688 4857 846 4914 Domitium
862 4875 893 4914 se
935 4861 1053 4934 NOalrl)
1073 4864 1192 4936 castigat
1208 4869 1292 4937 atque
1308 4864 1421 4920 incitat:
1439 4866 1465 4934 1,
1474 4865 1500 4934 3,
1509 4868 1534 4922 i.

139 4939 169 4994 in
189 4940 325 5012 oppidum
343 4941 496 4998 Corfinium
515 4942 893 5017 eonsmoe31>reinde‚si
969 4951 1196 5024 promulget
1218 4950 1327 5022 legem
1349 4967 1377 5005 a.
1401 4952 1469 5011 lex
1491 4971 1521 5024 p.
1538 4956 1595 5009 454
1618 4960 1683 5012 eutr.

138 5041 196 5096 qua
213 5025 315 5084 fuisset
331 5027 459 5098 facultas,
476 5028 512 5083 ad
529 5045 560 5084 se
575 5045 641 5085 cum
659 5031 789 5088 omuibus
806 5032 893 5104 copiis
935 5039 960 5090 et
976 5036 1034 5089 455
1052 5037 1082 5104 (4
1099 5037 1169 5108 loa).

137 5112 288 5168 ueniret:
301 5117 418 5185 1‚1s,4;
436 5131 525 5188 neque
542 5131 618 5171 nunc
635 5115 664 5171 id
682 5123 736 5189 (se)
754 5135 841 5191 agere,
860 5124 894 5175 ut
970 5124 1314 5195 promunturium
1331 5123 1377 5180 bie
1393 5124 1472 5180 locus
1490 5127 1685 5200 (Anquillaria)

1422 5212 1475 5270 79*
