3764 5602
200 305 260 364 349
947 300 987 411 {ia
1676 307 1738 365 350

198 467 946 541 dc102153‚1a.a)restttuera;1111‚6e.a)inter-
990 475 1035 526 tus
1066 471 1202 543 litoraque
1232 470 1325 526 omnia
1354 470 1489 527 classibus
1519 471 1738 526 muemadorum

198 554 289 620 ficere;
313 554 454 625 eruptione
471 554 545 609 facta
560 571 650 626 neque
667 555 861 626 cognoscendi,
879 555 946 626 quid
989 557 1082 612 teneri.
1101 574 1155 628 quo
1173 559 1283 629 cognito
1296 600 1301 611 .
1315 599 1321 612 .
1335 598 1341 612 .
1355 573 1441 612 naues
1460 597 1487 611 ..
1506 573 1601 611 omnes
1618 563 1737 613 reuocat

198 639 289 707 fieret,
313 656 402 710 neque
419 639 461 694 sui
481 639 627 710 colligendi
644 640 770 695 hostibus
787 641 946 696 facultatem
990 659 1048 696 uua
1066 659 1101 696 ex
1119 643 1175 710 his,
1193 660 1263 714 quae
1282 684 1288 697 .
1307 684 1313 698 .
1334 684 1340 696 .
1359 647 1436 710 (non)
1454 643 1673 712 obtemperauit,
1691 683 1697 697 .
1712 683 1737 698 ..

198 725 366 796 relinquunt.
383 725 423 778 ita
440 724 633 795 <itaqueB²ls>
652 731 822 780 commutata
837 727 947 781 fortuna
991 744 1008 782 a
1031 727 1133 782 Bibulo
1155 733 1315 799 expugnata
1338 735 1394 793 est;
1418 727 1542 799 quide.
1561 767 1568 781 .
1586 768 1593 782 .
1611 728 1740 783 omnibus

198 825 257 877 eos,
275 810 323 881 qui
340 810 369 864 in
387 827 464 881 spem
482 810 678 880 potiundorum
697 817 849 865 castrorum
867 828 948 866 uene·
992 854 998 867 .
1017 854 1023 867 .
1043 854 1049 866 .
1072 812 1238 884 supplicium
1261 813 1354 868 sumit.
1379 854 1385 867 .
1405 853 1411 868 .
1431 854 1437 867 .
1461 813 1501 868 ita
1525 814 1634 884 (itaque
1656 814 1687 884 b>
1710 815 1740 869 in

199 901 274 962 rant,
298 894 421 966 undique
445 895 648 950 circumuentos
666 896 846 952 interficiunt:
866 896 948 964 1116,
992 898 1038 968 (c)
1057 897 1157 969 exiguo
1174 905 1297 970 tempore
1314 914 1468 969 magnoque
1484 914 1551 952 casu
1569 900 1653 952 totius
1665 915 1740 954 exer-

200 981 285 1048 (1.)2;
311 996 375 1035 cum
484 987 610 1052 pacatam
633 981 754 1036 Galliam
780 982 949 1036 existimaret
998 985 1069 1039 citus
1086 985 1162 1039 salus
1180 984 1318 1038 constitit:
1337 984 1525 1052 3,1s,(1-)3;
1544 983 1592 1038 ubi
1610 1000 1672 1038 cum

199 1067 334 1136 superatis
358 1066 465 1138 Belgis,
487 1067 609 1136 expulsis
634 1067 793 1133 Germanis,
815 1068 896 1122 uictis
919 1067 948 1122 in
991 1069 1130 1140 equitibus
1157 1111 1164 1124 .
1194 1111 1200 1124 .
1227 1070 1352 1125 (laeseris
1379 1068 1469 1124 Gallis
1496 1075 1578 1138 atque
1605 1069 1739 1140 Hispanis

199 1151 319 1222 Alpibus
338 1152 471 1220 Sedunis,
488 1158 570 1222 atque
587 1152 628 1206 ita
641 1154 707 1223 (om.
721 1148 755 1226 β>
774 1152 844 1207 inita
860 1153 949 1208 hieme
1080 1157 1226 1226 pecuniam
1253 1154 1440 1226 polliceretur,
1467 1153 1502 1207 ab
1529 1153 1571 1206 bis
1593 1159 1635 1208 est
1657 1154 1740 1210 iuter·

200 1237 230 1291 in
249 1237 294 1308 (c)
313 1237 458 1308 illyricum
474 1238 612 1308 profectus
630 1245 714 1292 esset:
733 1237 853 1305 1117,1;
872 1244 950 1294 eraut
995 1242 1089 1296 fectus.
1112 1241 1152 1295 ita
1177 1256 1340 1311 magnarum
1363 1239 1442 1294 initia
1464 1255 1568 1304 rerum,
1594 1255 1664 1308 quae
1682 1280 1688 1294 .
1707 1281 1740 1294 ..

199 1322 257 1376 eius
276 1323 351 1377 modi
370 1323 424 1378 fere
442 1324 512 1377 situs
530 1323 708 1393 oppidorum,
735 1329 768 1378 ut
786 1365 792 1378 .
811 1365 817 1378 .
836 1365 842 1378 .
861 1339 950 1394 neque
993 1325 1139 1380 sollicitam
1158 1326 1270 1380 italiam
1289 1324 1437 1391 habebant,
1455 1323 1568 1379 celerem
1585 1329 1614 1378 et
1631 1325 1740 1380 facilem

200 1407 316 1478 pedibus
344 1409 451 1464 aditum
474 1408 607 1463 haberent
631 1451 636 1462 .
657 1453 661 1462 .
682 1449 688 1464 .
711 1425 799 1479 neque
822 1408 949 1464 nauibus.
992 1412 1098 1465 exitum
1117 1410 1287 1466 babuerunt:
1305 1413 1331 1478 3,
1340 1411 1382 1478 22,
1393 1410 1478 1478 t3.)4;
1496 1426 1558 1464 eam
1576 1425 1676 1464 nauem
1694 1426 1741 1465 ex·

282 1493 323 1547 ita
348 1501 466 1564 uuaque
483 1509 512 1548 re
529 1493 694 1565 oppidorum
712 1496 882 1566 oppugnatio
899 1495 950 1548 im-
993 1497 1142 1568 pugnauit,
1168 1496 1319 1566 eodemque
1345 1501 1467 1566 tempore
1494 1511 1528 1549 ex
1555 1494 1641 1550 altera
1663 1503 1741 1567 parte

199 1578 591 1648 pediebatur:11112,(1.)2;
614 1580 728 1646 accidit,
746 1585 779 1634 ut
795 1586 867 1634 esset
884 1580 950 1634 luna
994 1623 1000 1636 .
1019 1623 1025 1636 .
1044 1624 1051 1637 .
1074 1589 1206 1653 quattuor
1233 1582 1349 1638 biremes
1371 1621 1378 1635 .
1398 1622 1404 1634 .
1423 1622 1429 1635 .
1451 1581 1481 1636 in
1503 1580 1656 1635 interiorem
1680 1599 1741 1653 por-

199 1663 295 1734 plena,
312 1665 360 1735 qui
378 1664 436 1719 dies
455 1666 607 1720 maritimos
625 1671 717 1720 aestus
736 1665 872 1720 maximos
890 1705 897 1719 .
917 1705 949 1718 ..
993 1672 1054 1722 tum
1079 1670 1123 1738 (c)
1147 1667 1278 1722 traduxit.
1302 1667 1342 1721 ita
1365 1683 1399 1721 ex
1423 1671 1539 1736 utraque
1562 1673 1639 1736 parte
1656 1683 1741 1724 naues

201 1749 308 1804 efficere
325 1750 476 1818 consueuit,
493 1751 649 1821 nostrisque
660 1751 689 1804 id
701 1757 759 1805 erat
769 1751 950 1821 incognitum.
994 1752 1090 1825 longas
1118 1753 1263 1824 adgressus
1282 1793 1288 1806 .
1308 1793 1313 1806 .
1332 1793 1339 1806 .
1358 1751 1422 1806 IIII
1445 1769 1479 1806 ex
1499 1751 1543 1806 his
1561 1751 1679 1808 abduxit
1698 1754 1740 1823 <f

199 1835 240 1889 ita
266 1851 322 1889 uno
348 1843 470 1907 tempore
496 1843 524 1891 et
545 1836 642 1907 longas
666 1852 751 1890 naues
775 1877 781 1890 .
801 1876 833 1890 ..
858 1843 950 1890 aestus
994 1839 1056 1894 add.
1069 1839 1140 1910 alal),
1158 1839 1279 1909 reliquas
1296 1837 1431 1892 incendit:
1443 1839 1469 1902 3,
1478 1838 1519 1904 40,
1530 1838 1631 1906 (2—)4;
1650 1845 1682 1893 ut
1694 1841 1739 1911 (c)

199 1921 357 1992 complebat
369 1918 418 1995 <β;
436 1922 670 1993 complanaretur,
688 1921 760 1992 edd.)
773 1927 801 1976 et
812 1922 949 1976 onerarias
992 1930 1071 1979 erant
1094 1926 1154 1980 loca
1180 1929 1328 1979 montuosa
1349 1929 1378 1978 et
1394 1925 1414 1990 †
1431 1923 1467 1976 ad
1484 1940 1581 1994 specus
1599 1926 1742 1995 angustiae

200 2011 430 2078 ...tempestas
452 2007 624 2062 adflictabat:
648 2007 841 2074 1v29‚(1.)2;
871 2007 947 2077 (ipse
994 2009 1126 2078 uallium,
1152 2010 1213 2066 has.
1231 2008 1344 2064 sublicis
1371 2009 1399 2062 in
1421 2015 1521 2063 terram
1545 2008 1670 2064 demissis
1694 2012 1741 2081 (c)

201 2092 256 2162 <ita
274 2088 309 2166 β>
336 2092 519 2148 conuentibus
543 2092 651 2148 Galliae
677 2092 808 2147 citerioris
833 2085 949 2162 peractis
992 2103 1197 2167 praesacpserat
1233 2103 1388 2166 terramque
1423 2093 1580 2164 adgesserat
1614 2096 1676 2166 (c),
1710 2104 1743 2152 ut

199 2179 228 2232 iu
252 2177 395 2248 Illyricum
418 2178 610 2251 proficiscitur:
634 2177 752 2248 v1,5;)
777 2177 829 2232 boc
854 2177 948 2244 (latus)
992 2199 1095 2252 aquam
1113 2183 1265 2236 contineret
1284 2181 1338 2251 (c).
1357 2181 1397 2234 ita
1415 2181 1490 2250 <Ora-
1507 2181 1601 2250 itaque
1617 2181 1743 2251 recc.(?);

199 2264 318 2335 pertinet
340 2265 386 2334 (c)
409 2265 515 2320 circiter
538 2263 616 2318 milia
638 2281 772 2335 passuum
792 2264 948 2334 quingente
992 2267 1066 2337 uid.)
1091 2267 1132 2321 illi
1156 2265 1310 2322 necessario
1332 2265 1393 2322 loca
1415 2265 1491 2337 sequi
1509 2266 1627 2321 demissa
1645 2268 1691 2338 (c)
1710 2283 1743 2322 eo

267 2349 350 2404 huius
363 2350 496 2418 (alterim)
509 2357 551 2404 est
567 2349 712 2420 longitudo
728 2349 837 2404 lateris.
851 2390 857 2403 .
872 2365 949 2418 ‚sep
993 2353 1130 2424 palustria
1158 2359 1187 2408 et
1216 2357 1316 2423 puteos
1345 2351 1436 2406 fodere
1464 2352 1633 2422 cogebantur
1660 2360 1743 2424 atque

199 2437 386 2507 tingentorum
403 2435 519 2490 milium.
539 2437 691 2492 tertium..
706 2436 802 2490 .milia
817 2451 950 2506 passuum
993 2438 1068 2494 hunc
1090 2438 1212 2494 laborem
1235 2438 1271 2492 ad
1289 2437 1428 2492 cotidiana
1446 2453 1529 2508 opera
1546 2437 1698 2494 addebant:
1716 2442 1742 2506 3,

199 2523 357 2592 octingenta
373 2522 402 2575 in
419 2521 621 2592 longitudinem
639 2519 950 2588 esseexistimatur<c>.
991 2524 1034 2591 49,
1046 2525 1131 2592 (4.)5;
1162 2524 1336 2595 Pompeianis
1362 2539 1492 2594 magnam
1523 2539 1565 2578 res
1593 2522 1627 2578 ad
1651 2541 1742 2597 recep-

200 2609 239 2663 ita
263 2608 353 2662 omnis
375 2607 467 2662 insula
488 2612 531 2662 est
554 2607 718 2663 incircuitu
736 2606 819 2662 uicies
838 2611 948 2660 centum
994 2617 1054 2664 tum
1078 2609 1271 2665 difficultatem
1293 2609 1440 2664 adferebat
1460 2649 1466 2663 .
1484 2649 1491 2663 .
1510 2650 1516 2663 .
1535 2609 1574 2663 ita
1590 2611 1741 2666 necessario

201 2694 309 2748 milium
327 2709 472 2764 passuum:
493 2692 709 2761 V13‚(2.5.)7;
733 2693 761 2747 in
780 2693 884 2748 medios
901 2690 949 2746 ho-
993 2700 1078 2765 atquc
1112 2713 1147 2750 ex
1181 2701 1303 2767 tempore
1338 2701 1420 2766 capto
1449 2695 1564 2750 coneilio
1594 2695 1742 2767 Pompeius

142 2786 144 2792 ’
201 2785 257 2834 stes
281 2780 387 2850 inrupit
403 2777 569 2850 duobusque
586 2779 735 2834 interfectis
753 2778 872 2849 reliquos
891 2817 897 2831 .
917 2818 949 2831 ..
992 2781 1134 2835 tumulum
1148 2781 1286 2852 quendam
1300 2780 1457 2852 occupauit:
1470 2782 1650 2852 3,o1,(6-)8;
1668 2781 1743 2853 quod

198 2866 313 2937 paulum
328 2867 374 2937 (c)
387 2867 548 2920 summouit
567 2864 731 2920 conantibus
749 2863 875 2918 auxiliari
892 2863 949 2918 suis
993 2882 1026 2921 eo
1049 2867 1110 2921 loco
1133 2865 1225 2937 plures
1247 2873 1306 2921 erat
1328 2865 1447 2938 legiones
1466 2866 1624 2934 habiturus,
1646 2867 1742 2922 relicto

200 2953 322 3020 Frustra,
339 2952 439 3022 inquit,
456 2968 532 3006 meae
549 2951 624 3004 uitae
641 2950 787 3004 subuenire
804 2951 949 3004 conamini.
994 2953 1122 3007 interiore
1147 2952 1223 3006 uallo
1246 2953 1376 3007 maiorem
1398 2952 1533 3007 adiecerat
1551 2952 1741 3008 munitionem.

198 3081 204 3094 .
225 3082 231 3094 .
251 3081 258 3094 .
281 3038 395 3110 proinde
422 3038 506 3102 abite,
531 3036 598 3090 dum
622 3040 664 3090 est
685 3036 809 3092 facultas.
834 3037 951 3091 ...ita
994 3039 1034 3092 ita
1052 3039 1159 3092 minora
1175 3043 1266 3092 castra
1282 3037 1391 3093 incluse
1408 3037 1557 3092 maioribus
1575 3037 1679 3093 castelli
1693 3039 1740 3109 (c)

199 3140 327 3196 pugnans
344 3129 409 3194 post
426 3123 541 3194 paulum
555 3123 601 3193 (c)
614 3122 736 3178 concidit
753 3139 785 3176 ac
797 3122 854 3176 suis
865 3121 950 3176 saluti
993 3129 1077 3194 atque
1105 3123 1175 3178 arcis
1200 3122 1294 3178 locum
1321 3123 1496 3178 obtinebant:
1520 3125 1545 3190 3,
1555 3125 1597 3190 66,
1607 3124 1652 3192 (4.)
1663 3124 1691 3190 ὃς
1717 3123 1741 3178 is

198 3210 265 3264 fuit:
288 3209 348 3264 VH
359 3210 498 3280 ou,(5.)o;
525 3209 666 3264 interiores
691 3249 698 3262 .
721 3249 728 3263 .
753 3248 759 3263 .
783 3208 860 3280 prius
884 3224 950 3263 suos
993 3225 1104 3280 quoque
1126 3250 1133 3263 .
1153 3249 1159 3262 .
1179 3249 1185 3263 .
1208 3225 1240 3263 eo
1264 3209 1325 3263 loco
1346 3215 1505 3264 excesserat.
1528 3210 1568 3263 ita
1586 3209 1741 3279 complures

199 3295 356 3350 discessisse
373 3300 564 3365 cognouerunt
581 3311 665 3366 quarn
683 3294 885 3350 munitionibus
902 3294 950 3349 ad·
994 3293 1052 3348 dies
1071 3294 1188 3348 *omaso
1205 3301 1364 3350 manserant
1380 3301 1482 3350 castrm
1500 3297 1526 3362 3,
1534 3297 1577 3362 66,
1589 3297 1639 3361 ι6.)
1650 3297 1679 3361 7;
1702 3294 1741 3349 ita

200 3381 422 3452 propinquarent.
439 3381 480 3436 ita
498 3397 526 3435 re
542 3380 644 3436 infecta
661 3382 689 3434 in
709 3381 842 3452 oppidum
860 3397 949 3435 reuer-
995 3382 1031 3447 (3,
1042 3382 1155 3448 66-70)
1184 3397 1286 3451 paruae
1311 3397 1354 3435 res
1382 3397 1515 3451 magnum
1539 3381 1569 3434 iu
1597 3387 1742 3451 utramque

200 3473 308 3522 terunt:
328 3467 476 3534 vireas
494 3467 647 3534 renuntiat,
665 3467 740 3538 quod
757 3466 883 3522 consides
901 3465 950 3521 ab·
993 3471 1099 3536 partem
1125 3473 1296 3520 momentum
1320 3465 1489 3521 babuerunt:
1508 3467 1533 3533 3,
1543 3468 1623 3534 70,2;
1645 3465 1741 3522 eodem

201 3555 272 3620 siut,
293 3553 351 3608 sine
374 3554 429 3608 illis
450 3571 506 3609 uon
529 3569 609 3625 posse
631 3555 675 3624 agi
692 3554 727 3609 de
743 3552 949 3623 compositione.
994 3557 1116 3622 tempore
1147 3553 1255 3606 tertiam
1285 3553 1371 3607 aciem
1401 3551 1513 3616 Caesar,
1549 3568 1621 3622 quae
1649 3552 1742 3622 quieta

199 3640 240 3695 ita
262 3640 371 3711 saepius
393 3658 450 3695 rem
473 3641 576 3695 frustra
598 3645 761 3711 temptatam
780 3639 882 3694 Caesar
899 3639 950 3694 ali·
993 3637 1085 3692 fuerat
1102 3679 1108 3691 .
1128 3678 1135 3692 .
1157 3679 1178 3704 .,
1202 3653 1359 3708 procurrere
1377 3639 1423 3708 (c)
1441 3637 1530 3692 iussit.
1552 3637 1594 3691 ita
1614 3653 1678 3692 cum
1701 3653 1741 3692 re

199 3727 311 3798 quando
338 3726 531 3781 dimittendam
555 3725 608 3780 sibi
630 3727 748 3781 iudicat:
773 3727 949 3795 1‚26,(o.)6;
992 3729 1085 3778 centes
1109 3729 1191 3794 atque
1215 3723 1314 3794 integri
1335 3723 1448 3778 defessis
1467 3723 1672 3788 successissent,
1694 3722 1742 3777 alii

202 3829 301 3868 manue
336 3812 435 3867 ferreas
467 3816 550 3882 atquc
577 3811 750 3884 harpagones
781 3817 949 3883 parauerunt
995 3815 1088 3864 autem
1108 3827 1125 3864 a
1142 3815 1219 3880 tergo
1236 3809 1416 3876 adorirentur,
1433 3809 1568 3863 sustinere
1580 3809 1741 3879 Pompeiani

200 3915 356 3970 magnoque
385 3913 499 3952 numero
526 3898 660 3969 pilorum,
689 3898 862 3969 tragularum
890 3899 950 3952 reli·
994 3913 1051 3950 non
1076 3900 1226 3966 potuerunt
1249 3900 1333 3964 atquc
1355 3894 1477 3948 uniuersi
1494 3900 1571 3964 terga
1588 3900 1740 3949 uerterunt:

201 3999 375 4055 quorumque
391 3983 509 4038 telorum
526 4000 557 4038 se
573 3986 769 4038 instruxerant.
787 3985 827 4038 ita
838 3985 950 4056 cognito
993 3982 1164 4048 3,94,(1.)2;
1188 3980 1310 4034 Caesar.
1329 4020 1336 4035 .
1355 4021 1361 4033 .
1380 3978 1530 4050 reperiebat
1553 3979 1584 4035 T.
1607 3980 1741 4051 Ampium

200 4070 321 4124 bostium
340 4069 462 4124 aduemu
481 4085 545 4124 suae
565 4085 650 4124 naues
668 4086 702 4124 ex
721 4076 803 4141 portu
819 4070 951 4137 educunt,
993 4071 1123 4122 conatum
1147 4081 1206 4120 cese
1227 4066 1357 4136 pecunias
1381 4064 1475 4119 tollere
1491 4065 1602 4136 Epheso
1626 4083 1660 4120 ex
1677 4066 1742 4120 fano

200 4172 264 4211 cum
283 4155 503 4210 Massiliensibus
520 4155 686 4226 confligunt:
700 4157 814 4223 1,ot,2;
833 4155 886 4210 hac
904 4155 950 4210 ha·
994 4152 1115 4219 Dianae,
1134 4151 1243 4205 ...sed
1260 4150 1464 4222 interpellatum
1483 4150 1605 4206 aduentu
1619 4151 1742 4206 Caesaris

200 4240 259 4296 bita
289 4241 412 4297 oratioue
440 4241 547 4295 nullam
577 4242 605 4295 iu
632 4247 737 4312 partem
764 4241 801 4295 ab
829 4243 951 4296 exercitu
995 4235 1157 4309 profugisse.
1174 4237 1215 4290 ita
1228 4236 1274 4304 (cs.
1288 4238 1314 4304 3,
1322 4239 1364 4300 33,
1375 4239 1399 4291 1.
1409 4239 1436 4304 2)
1450 4235 1560 4290 duobus
1572 4235 1742 4306 temporibus

201 4328 329 4382 Curionis
346 4328 379 4381 fit
396 4326 573 4398 significatio,
599 4332 682 4397 atque
698 4328 738 4381 ita
755 4343 819 4381 suas
838 4332 953 4398 uterque
994 4323 1130 4395 Ephesiae
1160 4322 1291 4393 pecuniae
1318 4323 1418 4378 Caesar
1444 4321 1582 4376 auxilium
1609 4321 1689 4376 tulit:
1715 4324 1742 4390 3,

200 4413 292 4485 copias
323 4413 443 4468 reducit:
466 4413 581 4480 2,28,4;
608 4417 686 4466 erant
712 4428 761 4483 per
786 4429 816 4467 se
842 4429 951 4484 magna,
994 4411 1087 4476 105,1.

202 4516 275 4569 quae
301 4505 442 4570 gesseram
466 4499 571 4569 equites
595 4539 601 4552 .
625 4537 631 4552 .
654 4516 673 4564 .;
702 4497 770 4554 baec
796 4505 890 4553 tamen
916 4497 951 4552 ab
1030 4495 1066 4550 B.
1088 4496 1142 4550 lta
1165 4493 1320 4561 respondet
1337 4496 1502 4562 particulae
1520 4499 1574 4564 ut,
1598 4496 1742 4566 (sicuttq

200 4585 267 4656 ipsis
299 4585 420 4640 inflatius
453 4583 746 4640 commemorabantur.
771 4625 777 4637 .
801 4623 807 4638 .
832 4625 838 4638 .
863 4584 952 4638 multa
994 4583 1025 4652 a)
1051 4582 1139 4637 sicuti
1158 4621 1165 4635 .
1184 4621 1190 4634 .
1208 4581 1268 4635 lta:
1295 4585 1337 4648 et,
1363 4581 1444 4637 sicuti
1472 4581 1541 4636 mari
1563 4579 1743 4651 portibusque

203 4677 344 4741 praeterea
366 4671 454 4742 spolia
470 4670 703 4742 proferebantur<
724 4672 746 4740 >.
763 4710 770 4723 .
789 4709 795 4722 .
813 4711 819 4723 .
838 4669 877 4724 ita
894 4669 952 4740 spei
993 4666 1132 4736 (Bibulus)
1156 4666 1301 4723 Caesarem
1323 4666 1500 4737 prohibebat,
1525 4667 1566 4720 ite
1585 4667 1645 4738 ipse
1666 4668 1743 4723 omni

203 4756 330 4811 Curionis
349 4755 469 4811 militum
488 4756 580 4811 studia
597 4772 653 4810 non
671 4756 797 4810 deerant:
815 4755 842 4822 2,
850 4757 893 4822 39,
903 4757 949 4824 tf.)
992 4760 1065 4808 terra
1092 4769 1186 4807 aarum
1213 4753 1357 4823 regionum
1386 4751 1595 4824 prohibebatur:
1624 4755 1649 4820 3,
1660 4754 1742 4821 15,1;

200 4842 233 4908 53
256 4843 340 4897 Ourio
364 4859 516 4913 numquam
540 4859 570 4896 se
587 4842 688 4896 amisso
705 4841 827 4896 exercitu
846 4881 852 4894 .
871 4881 877 4895 .
895 4881 902 4895 .
921 4841 950 4896 in
993 4846 1025 4896 ut
1045 4845 1209 4910 cogerentur
1224 4837 1305 4893 sicuti
1323 4839 1461 4910 reliquum
1479 4843 1678 4906 commeatum,
1702 4840 1742 4894 ita

200 4926 260 4981 eius
292 4927 436 4995 (Caesaris)
465 4933 644 4998 conspectum
679 4943 852 4982 reuersurum
887 4941 950 4981 cou-
993 4927 1068 4997 ligna
1086 4932 1170 4996 atque
1187 4941 1287 4995 aquam
1300 4925 1477 4996 Corcyrae)
1565 4931 1742 4997 supportare:

200 5010 297 5065 firmm
319 5016 402 5082 atque
425 5012 466 5066 ita
487 5013 624 5083 proelians
641 5012 815 5067 interficitur:
833 5013 859 5079 2,
868 5011 951 5079 4243
993 5013 1019 5079 3,
1028 5013 1068 5076 15,
1079 5013 1103 5067 3.

201 5096 322 5152 Calenus
340 5137 347 5150 .
366 5135 372 5149 .
393 5136 399 5149 .
418 5095 522 5151 litteras
540 5114 558 5151 a
575 5098 691 5153 Caesare
708 5096 808 5166 accipit
825 5111 952 5166 ...por
1029 5097 1061 5165 b)
1079 5100 1113 5152 ut
1197 5099 1255 5168 lta:
1274 5102 1321 5168 a):
1340 5098 1414 5169 quod
1432 5097 1468 5153 ab
1488 5097 1741 5158 nonnullieGallis
