3764 5602
146 269 205 328 361
866 262 959 332 raquo
1619 271 1679 330 eoa

146 435 306 490 Brundisini
335 475 341 488 .
365 473 371 489 .
396 476 402 488 .
430 433 543 504 Pompei
571 433 745 490 wntnmeliis
774 435 891 507 permoti
935 449 1005 506 qnae
1021 434 1110 490 noue
1127 440 1205 490 erant
1222 436 1333 492 Arelate
1352 479 1357 490 .
1377 478 1383 490 .
1400 477 1406 494 .
1415 476 1423 506 ,
1439 434 1566 508 captiuae
1583 436 1681 492 Massi·

146 519 271 577 Caesaris
289 519 370 576 rebus
387 519 527 576 fauebunt
544 520 638 592 itaque
654 521 764 593 cognita
776 521 892 593 Pompei
934 521 1062 576 liensium
1081 527 1251 577 accesserant
1267 522 1385 578 sex.bas
1399 521 1586 578 ...omnibus
1598 522 1681 578 rebus

145 606 315 678 profectione
340 647 398 662 ...
421 606 507 678 uulgo
527 623 562 661 ex
584 607 665 662 tectis
687 607 891 680 significabant:
935 607 1110 662 instruxerat.
1133 608 1228 678 itaque
1245 624 1310 664 suos
1328 609 1487 665 cohortatus
1506 650 1513 663 .
1532 649 1538 664 .
1558 651 1564 664 .
1583 609 1681 681 plenus

147 694 323 761 1‚28,(1.)2;
352 692 455 748 interea
481 697 601 748 ueterem
628 693 791 762 exercitum,
822 693 892 749 duas
934 693 993 764 spei
1017 692 1130 748 bonae.
1150 693 1332 750 ..addemus
1356 710 1402 750 eos
1421 696 1466 767 (e)
1486 695 1682 768 proficiscitur:

146 778 301 849 Hispanias
323 779 479 834 confirmari
504 819 575 848 ...,
599 779 715 847 auxilia,
737 781 893 851 equitatum
935 779 1091 847 2,e,(1.)2;
1109 779 1278 836 Nasidianae
1294 797 1381 836 naues
1399 781 1477 837 nullo
1494 782 1683 838 ustrifuerunt

146 864 247 936 parari,
266 864 388 920 Galliam
407 864 572 936 Italiamque
589 867 718 937 temptari
735 882 764 921 ee
781 866 894 922 absente
937 865 1112 936 celeriterque
1134 882 1229 937 pugna
1250 872 1437 934 mceesenmu
1464 882 1520 923 non
1543 868 1617 924 enim
1634 869 1685 924 bas

145 949 264 1004 nolebat.
288 950 382 1022 itaque
404 951 434 1006 in
460 952 614 1023 praesentia
630 952 745 1023 Pompei
762 952 894 1024 sequendi
938 995 943 1005 .
972 993 978 1004 .
1007 994 1012 1005 .
1041 952 1258 1022 propinquorum
1288 957 1433 1025 praecepte
1463 953 1499 1009 ad
1529 960 1684 1011 extremum

149 1035 283 1091 rationem
307 1037 423 1102 omittit,
446 1036 475 1091 in
494 1037 661 1109 Hispaniam
678 1039 812 1110 proficisci
830 1055 891 1095 con·
936 1038 1011 1093 uitae
1037 1037 1189 1108 periculum
1211 1036 1286 1093 adire
1308 1039 1451 1110 cogebant.
1475 1040 1570 1111 itaque
1591 1057 1626 1096 ex
1652 1059 1685 1098 eo

147 1121 263 1177 stituit.
282 1165 289 1177 .
308 1125 575 1193 .:1,(2a,3;)30,1;
599 1141 686 1195 genus
704 1131 764 1180 erat
780 1142 891 1198 pugnae
936 1139 1051 1179 numero
1073 1123 1189 1178 nauium
1210 1123 1291 1179 nulla
1311 1123 1467 1180 desiderata
1487 1131 1541 1180 est:
1567 1127 1593 1193 2,
1604 1128 1629 1195 7,
1639 1129 1686 1194 (1.)

146 1208 267 1263 militum
284 1209 408 1278 illorum,
425 1215 458 1265 ut
476 1251 482 1263 .
501 1250 508 1265 .
527 1251 533 1265 .
552 1217 741 1282 procurrerent
759 1213 814 1282 (e),
834 1254 840 1266 .
860 1253 867 1266 .
887 1255 893 1268 .
935 1211 965 1276 23
990 1214 1101 1280 captam
1118 1213 1166 1279 (se)
1185 1227 1265 1265 snam
1283 1210 1380 1266 urbem
1398 1210 1504 1277 uidere;
1526 1226 1610 1283 opera
1626 1228 1685 1284 per·

147 1299 303 1365 pugnarent
315 1338 321 1352 .
335 1338 341 1351 .
357 1296 450 1368 ..ipsi
468 1301 562 1351 autem
580 1297 679 1366 (nostri
696 1297 809 1369 milites)
828 1316 893 1355 suos
936 1296 1021 1364 fecte,
1048 1297 1147 1351 turrim
1171 1297 1329 1351 subrutam:
1352 1296 1447 1366 itaque
1469 1294 1506 1352 ab
1528 1296 1685 1354 defensione

145 1378 255 1435 ordines
282 1382 328 1452 (o)
347 1397 455 1438 seruare
478 1399 568 1454 neque
589 1382 625 1438 ab
647 1384 733 1456 signis
757 1384 894 1440 discedere
936 1383 1079 1438 desistere:
1102 1383 1205 1451 2123
1224 1381 1287 1450 (Np.
1306 1382 1348 1449 4);
1375 1381 1463 1437 nostri
1485 1424 1491 1436 .
1511 1424 1518 1439 .
1537 1425 1544 1440 .
1566 1384 1685 1454 proximi

145 1483 234 1538 neque
253 1508 259 1521 .
278 1508 284 1522 .
305 1509 311 1522 .
329 1483 394 1523 eum
411 1467 517 1536 locum,
535 1485 618 1540 quem
636 1474 773 1542 ceperant,
790 1471 893 1526 dimitti
936 1468 990 1523 diei
1012 1485 1078 1524 casu
1100 1468 1235 1524 admoniti
1257 1467 1351 1523 omnia
1371 1467 1406 1522 ad
1429 1467 1613 1524 defensionem
1637 1487 1686 1542 pa·

145 1557 307 1608 censuerant
329 1552 412 1625 <00>
436 1560 567 1626 oportere.
590 1556 685 1627 itaque
708 1556 764 1627 <its
780 1555 810 1626 b>
835 1573 893 1628 per-
936 1559 1072 1610 reuerent.
1095 1554 1189 1625 itaque
1211 1553 1308 1610 multis
1330 1553 1480 1609 interfectis
1504 1554 1623 1626 reliquos
1644 1557 1685 1610 in·

146 1638 265 1694 turbatis
291 1639 479 1711 antesignanis
496 1641 568 1712 legio
586 1681 593 1696 .
611 1683 618 1696 .
637 1683 643 1698 .
663 1641 754 1697 locum
771 1658 828 1696 non
846 1644 892 1714 (o)
937 1642 1008 1696 fecta
1025 1656 1055 1695 re
1071 1641 1100 1694 in
1118 1639 1252 1711 oppidum
1270 1639 1463 1712 reppulerunt:
1482 1641 1600 1710 2,14,6;
1618 1642 1685 1698 (iae-

146 1725 236 1779 tenuit
260 1730 343 1794 atque
365 1725 395 1778 in
413 1727 571 1797 proximum
589 1728 687 1783 collem
705 1744 763 1784 sese
780 1729 893 1801 recepit:
937 1743 995 1795 sar,
1012 1727 1065 1782 etsi
1082 1726 1177 1781 multis
1195 1726 1409 1797 necessariisque
1426 1725 1508 1781 rebus
1525 1727 1555 1781 in
1573 1727 1685 1784 ltaliam

146 1811 341 1880 1‚44,(1-)o;
363 1811 454 1866 nostri
475 1829 539 1869 cum
558 1813 604 1884 (o)
623 1815 716 1869 minus
738 1815 894 1871 exercitatis
938 1813 984 1883 (c)
1015 1811 1210 1880 reuocabatur,
1245 1817 1339 1868 umen
1368 1812 1547 1868 constituerat
1577 1814 1685 1870 nnllam

147 1896 298 1968 remigibus
316 1897 463 1969 minusque
480 1899 575 1970 peritis
593 1900 823 1971 gubernatoribus
835 1907 894 1957 ute-
936 1902 1043 1970 partem
1061 1897 1127 1953 belli
1144 1897 1173 1952 in
1191 1898 1336 1969 Hispaniis
1354 1898 1515 1970 relinquere,
1533 1899 1609 1970 quod
1626 1940 1633 1955 .
1653 1941 1659 1955 .
1678 1941 1684 1954 .

145 1982 249 2037 bantur
267 2024 273 2038 .
292 2023 299 2038 .
319 2024 340 2050 .,
368 1989 429 2039 tum
451 1986 534 2040 etiam
558 1985 688 2042 tarditate
711 1992 740 2043 et
756 1988 894 2060 gramme
937 1984 1048 2040 sciebat.
1083 1984 1178 2056 itaque
1211 1984 1321 2040 duabus
1352 1983 1506 2055 legionibus
1536 1986 1627 2040 missis
1657 1987 1684 2040 in

144 2068 258 2122 nauium
285 2068 518 2140 impediebantur:
541 2070 630 2127 factem
653 2074 726 2128 enim
749 2073 842 2129 subito
859 2091 894 2130 ex
937 2070 1094 2126 ulteriorem
1121 2069 1290 2142 Hispaniam
1312 2113 1319 2128 .
1338 2113 1345 2128 .
1366 2113 1371 2125 .
1394 2071 1454 2141 ipse
1479 2087 1543 2126 cum
1568 2072 1614 2142 (c)
1633 2073 1686 2128 Do

143 2153 239 2208 umida
266 2155 380 2211 materia
407 2172 463 2211 non
490 2157 609 2213 eundem
640 2175 722 2214 usum
747 2159 894 2216 celeritatis
937 2156 1076 2228 equitibus
1112 2158 1220 2228 magnis
1254 2157 1399 2213 itineribus
1435 2155 1609 2229 progreditur
1637 2159 1684 2229 <o>

145 2238 287 2295 habebant
311 2241 366 2313 (e).
388 2241 522 2314 itaque,
543 2244 621 2299 dum
644 2245 720 2301 locus
738 2247 894 2303 comminus
936 2242 1112 2314 edictumque
1123 2243 1287 2314 praemittit:
1299 2244 1325 2310 2,
1334 2244 1440 2314 (18,7;)
1450 2244 1532 2311 19,1;
1550 2244 1586 2313 (†
1598 2259 1686 2315 neque

145 2327 191 2396 (o)
218 2327 362 2398 pugnandi
387 2327 513 2398 daretm,
540 2346 628 2402 aequo
655 2332 748 2386 animo
770 2331 894 2403 singulas
936 2330 1010 2384 enim
1027 2346 1063 2384 ex
1080 2328 1179 2384 Marsis
1198 2328 1394 2400 Paelignisque
1412 2329 1570 2395 ueniebant,
1587 2334 1620 2385 ut
1637 2330 1685 2400 qui

144 2411 218 2466 binis
241 2412 362 2468 nauibus
386 2413 544 2472 obiciebant
566 2423 674 2487 atque.
696 2459 703 2473 .
722 2437 743 2472 .:
761 2420 787 2487 1,
795 2419 838 2487 58,
847 2420 893 2488 (3.)
936 2415 1074 2486 superiore
1102 2419 1183 2469 nocte
1208 2415 1238 2468 in
1260 2415 1446 2470 contuberniis
1469 2415 1687 2486 commilitesque

143 2499 173 2564 4;
201 2514 334 2570 magnum
356 2500 386 2555 in
409 2501 536 2558 timorem
559 2502 691 2558 Afranius
716 2504 894 2575 Petreiusque
936 2500 1064 2557 nonnulli
1101 2499 1229 2571 grauiora
1266 2516 1405 2557 sermones
1442 2501 1562 2556 militurn
1601 2499 1687 2556 dubia

144 2583 317 2656 perueniunt,
335 2602 370 2642 ne
387 2587 501 2642 omnino
518 2587 658 2645 frumento
676 2589 835 2661 pabuloque
850 2590 894 2645 in·
937 2587 1033 2642 dumus
1050 2585 1255 2656 accipiebantur
1273 2586 1331 2656 (ιιι
1349 2587 1436 2649 codd,-
1453 2602 1542 2658 neque
1559 2586 1633 2642 enim
1650 2601 1686 2642 0¹

144 2670 374 2742 teroluderentur,
400 2674 475 2746 quod
497 2675 619 2730 multum
643 2675 745 2731 Oaoear
768 2676 893 2747 equitmu
936 2672 1037 2728 Marsis
1054 2671 1249 2744 Paelignisque
1265 2672 1415 2728 ueniebant
1427 2673 1548 2740 Vticam,
1566 2673 1614 2744 qni
1629 2687 1686 2727 non

144 2757 263 2814 ualebat
290 2757 385 2831 itaque
410 2760 586 2817 comtituunt
611 2761 664 2832 ipsi
692 2763 736 2833 (i)
759 2761 805 2815 bri
827 2762 894 2818 locis
937 2759 1087 2832 [superiore
1104 2759 1196 2830 nocte]
1213 2762 1276 2813 tuto
1293 2775 1311 2812 a
1326 2757 1397 2814 Vari
1414 2758 1444 2814 in
1456 2758 1584 2814 cunonis
1597 2763 1687 2814 oseba

143 2843 274 2900 excedere
290 2849 319 2900 et
335 2844 364 2899 in
382 2845 559 2902 Celtiberiam
577 2847 680 2904 bellum
698 2848 857 2904 nausierre:
869 2850 895 2917 1,
937 2849 1122 2902 commearent
1139 2875 1180 2899 —.
1205 2843 1304 2916 Itaque
1326 2844 1453 2900 nonnulli
1475 2844 1615 2916 grauimes
1631 2860 1687 2899 ser·

143 2931 226 2998 61,s;
248 2932 304 2986 iam
327 2946 394 2988 uero
410 2947 444 2987 eo
462 2933 551 3006 magis
569 2931 610 2988 illi
628 2936 826 2990 maturandum
842 2934 895 2989 iter
938 2947 1032 2987 mones
1049 2931 1170 2987 militum
1188 2929 1294 3002 [dubia]
1307 2930 1404 2986 durius
1422 2930 1628 3003 accipiebantur
1643 2929 1686 2984 ss'o

144 3016 347 3072 existimabant.
366 3018 460 3089 itaque
478 3018 588 3074 duabus
602 3019 783 3075 auxiliaribus
798 3019 893 3076 cohor·
936 3017 1012 3088 Dt>=
1035 3017 1171 3088 a,29,4;)
1199 3016 1309 3072 animus
1333 3016 1592 3072 Attianorum...
1617 3015 1687 3070 nihil

144 3101 217 3156 tibus
232 3101 340 3158 ilerdae
355 3104 492 3175 praesidio
505 3105 606 3161 relictis
620 3105 787 3162 ...Sicorim
805 3111 893 3162 nans·
936 3103 971 3159 de
993 3103 1144 3159 ramundo
1161 3101 1316 3174 cogitabat,
1343 3117 1494 3174 omnesque
1515 3119 1545 3158 se
1564 3102 1620 3158 iam
1639 3102 1685 3172 <e>

142 3193 210 3242 eunt
227 3191 309 3244 et...
322 3194 413 3245 casua
428 3190 603 3263 coniungtmt
615 3193 675 3263 (o>:
689 3194 714 3260 1,
724 3193 808 3260 63,1;
826 3210 894 3264 quo·
938 3190 974 3246 ab
1006 3189 1132 3262 equitatu
1161 3187 1355 3245 circumueniri
1383 3186 1597 3244 arbitrabantur.
1626 3188 1686 3242 ita-

141 3287 203 3327 rnm
222 3313 227 3326 .
247 3314 253 3326 .
272 3314 278 3328 .
296 3275 411 3330 uocibus
433 3277 571 3332 exeimtus
584 3278 693 3346 Caesar,
711 3279 761 3334 etsi
776 3278 894 3335 timebat
936 3293 999 3348 que
1023 3276 1118 3347 prius
1142 3291 1241 3346 quam
1259 3313 1266 3328 .
1285 3314 1292 3329 .
1311 3315 1318 3328 .
1337 3273 1425 3329 nostri
1446 3273 1560 3345 propius
1577 3273 1687 3329 accede·

144 3361 238 3412 tantae
246 3360 610 3433 magnitudini<e)duminis
620 3366 771 3421 exercitum
781 3365 895 3434 obicere,
936 3367 1011 3430 rent,
1037 3361 1126 3416 omnis
1149 3359 1219 3416 Vari
1236 3359 1307 3415 acies
1334 3364 1412 3431 terga
1437 3359 1522 3416 uertit
1548 3375 1631 3430 seque
1656 3360 1687 3415 in

143 3443 300 3498 conandum
316 3449 412 3502 tamen
429 3488 436 3502 .
452 3488 458 3502 .
475 3488 481 3503 .
499 3448 611 3505 iudicat.
623 3451 716 3522 itaque
732 3451 894 3508 infirmiores
937 3453 1028 3504 castra
1045 3446 1161 3518 recepit:
1179 3447 1256 3514 234,
1266 3447 1298 3512 63
1321 3445 1370 3501 sed
1387 3461 1452 3502 cum
1470 3445 1524 3501 loci
1541 3451 1687 3503 naturast

143 3528 245 3585 milites
264 3570 271 3584 .
290 3571 297 3585 .
316 3571 323 3586 .
341 3532 424 3604 deligi
441 3533 538 3591 iubet.
560 3577 566 3590 .
585 3577 592 3591 .
611 3577 618 3590 .
636 3536 688 3592 hos
705 3553 770 3593 cnm
788 3537 895 3609 legione
937 3533 1057 3590 munitio
1073 3537 1227 3590 cuborum
1246 3530 1354 3588 aditum
1368 3532 1414 3603 (c)
1432 3531 1616 3603 prohibebant
1629 3533 1686 3602 (o),

145 3632 202 3670 una
218 3617 355 3688 praesidio
370 3619 467 3674 castris
480 3621 625 3692 relinquit;
642 3621 762 3694 reliquae
773 3623 894 3696 legiones
937 3626 998 3676 tum
1018 3621 1064 3691 (c)
1083 3619 1158 3691 quod
1171 3659 1177 3673 .
1192 3659 1199 3674 .
1212 3659 1219 3674 .
1232 3615 1360 3674 &irionis
1378 3617 1480 3673 milites
1497 3617 1531 3672 iis
1545 3619 1590 3689 (e)
1604 3617 1685 3672 rebus

145 3701 288 3774 expeditas
306 3704 399 3760 educit
410 3721 567 3778 magnoque
580 3723 695 3762 numero
707 3709 894 3765 iumentorum
936 3705 1110 3778 indigebant,
1132 3720 1204 3776 quae
1228 3703 1264 3759 ad
1281 3703 1516 3775 oppugnationem
1534 3709 1686 3760 amborum

143 3788 173 3843 in
196 3788 310 3846 flumine
332 3831 339 3845 .
358 3831 391 3845 ..
415 3792 566 3847 constituto
588 3793 710 3850 traducit
730 3795 893 3851 uerutum:
936 3797 1016 3848 erant
1042 3791 1113 3846 usui.
1138 3791 1233 3860 itaque
1255 3789 1340 3846 Curio
1367 3790 1518 3845 exercitum
1544 3790 1574 3844 in
1596 3794 1687 3846 castra

144 3876 168 3939 1,
179 3875 222 3944 64,
232 3876 278 3944 (4.)
289 3877 314 3933 ⁵.
324 3878 386 3946 (6.);
404 3875 535 3933 frumenti
554 3879 662 3950 copiam
680 3881 821 3952 legionarii
837 3896 894 3935 non
936 3877 1055 3934 reducit:
1073 3877 1151 3945 aar,
1162 3877 1235 3944 (bid
1245 3893 1252 3943 ;
1274 3880 1335 3931 erat
1354 3876 1385 3929 in
1407 3875 1510 3948 oppido
1529 3877 1575 3948 (o)
1593 3875 1686 3931 multi·

144 3960 251 4016 nullam
276 3963 323 4034 <o>
346 3961 486 4019 habebant
504 4004 511 4019 .
530 4005 537 4019 .
555 4006 577 4032 .,
601 3967 713 4022 caetrati
736 3966 894 4022 auxiliares-
936 3964 1006 4019 tudo
1023 3963 1145 4019 insolens
1161 3961 1227 4017 belli
1246 4003 1253 4017 .
1272 4003 1279 4017 .
1298 4002 1319 4029 .,
1344 3959 1489 4018 Vticensee
1507 3977 1557 4033 pro
1574 3960 1685 4032 quibus·

145 4063 199 4118 que
225 4047 341 4103 nullam.
360 4090 366 4103 .
386 4089 392 4103 .
411 4090 417 4103 .
435 4049 530 4121 itaque
547 4067 665 4122 mamus
682 4069 778 4108 eorum
795 4051 895 4108 cotidie
937 4049 1002 4105 dam
1021 4049 1146 4105 Caesaris
1163 4046 1193 4104 in
1211 4065 1240 4104 se
1251 4047 1390 4104 beneficiis
1402 4047 1444 4102 illi
1457 4046 1624 4114 amicissimi,
1636 4087 1643 4102 .
1657 4087 1686 4103 ..

144 4149 277 4189 numerus
303 4132 339 4189 ad
357 4134 501 4192 Caesarem
519 4137 702 4209 perfugiebat:
721 4141 745 4207 1,
755 4139 797 4207 78,
808 4139 894 4208 (1.)2;
937 4141 1023 4192 terror
1046 4152 1080 4191 ex
1105 4134 1291 4207 superioribus
1314 4134 1425 4206 proeliis
1447 4149 1573 4205 magnus.
1592 4134 1686 4205 itaque

145 4235 287 4291 perpessos
315 4224 364 4291 (se)
392 4222 517 4277 omnium
543 4239 634 4279 rerum
658 4225 794 4296 inopiam3
821 4240 895 4279 nunc
937 4222 972 4278 de
993 4221 1132 4278 deditione
1153 4236 1249 4276 omnes
1267 4220 1319 4292 [in]
1338 4220 1432 4291 palam
1454 4217 1639 4290 loquebantur
1656 4225 1685 4276 et

145 4321 211 4361 uero
229 4347 236 4360 .
255 4347 261 4361 .
281 4347 287 4361 .
305 4323 394 4377 neque
411 4323 525 4380 corpore
542 4309 677 4365 *laborem
695 4326 785 4381 neque
802 4310 895 4365 animo
936 4325 1001 4364 cum
1018 4308 1050 4363 P.
1069 4308 1148 4362 Attio
1165 4306 1298 4378 egebant,
1317 4323 1364 4361 ne:
1382 4305 1556 4374 2,36,(1.)2;
1574 4304 1623 4360 ubi
1636 4347 1642 4360 .
1656 4348 1683 4361 ..

145 4391 326 4462 ignominiam
344 4393 413 4449 serre
429 4411 516 4466 posse.
535 4396 629 4467 itaque
648 4396 745 4467 (irat)
758 4413 788 4451 se
806 4395 895 4452 uictos
936 4393 1069 4465 comperit
1095 4394 1186 4448 minus
1213 4391 1242 4447 V
1267 4398 1296 4448 et
1322 4391 1381 4447 XX
1408 4390 1602 4446 milibus...
1626 4392 1686 4447 eius

145 4477 284 4533 confiteri:
307 4480 479 4550 1,es‚(4.)5;
507 4487 639 4553 mumque
660 4485 738 4551 (mat)
763 4482 894 4552 †multi·
936 4480 1044 4550 (Iubae)
1062 4480 1155 4550 copias
1173 4478 1284 4546 abesse,
1302 4519 1309 4534 .
1328 4519 1335 4534 .
1354 4519 1361 4534 .
1380 4493 1439 4532 sese
1456 4476 1485 4530 in
1503 4475 1602 4531 Castra
1619 4477 1686 4532 Gor-

147 4563 216 4619 tudo
236 4564 510 4637 <amplitudoPuul>
523 4572 732 4636 tormentcrum,
750 4573 783 4623 ut
800 4584 895 4623 eornm
936 4565 1010 4622 uelis
1032 4565 1135 4636 reoepit
1153 4607 1159 4620 .
1178 4606 1186 4619 .
1204 4605 1211 4620 .
1232 4605 1239 4619 .
1257 4569 1347 4620 castm
1363 4569 1442 4618 mant
1459 4562 1495 4617 ad
1514 4561 1617 4616 bellum
1635 4562 1686 4617 du·

149 4649 207 4704 uim
226 4649 320 4706 nullae
338 4692 344 4706 .
363 4693 370 4706 .
389 4693 396 4708 .
414 4654 512 4710 mneae
536 4655 669 4710 sustinere
686 4658 806 4726 possent.
823 4669 894 4709 asse
936 4653 1055 4709 oendum
1073 4651 1217 4724 aptissima
1234 4691 1240 4706 .
1260 4691 1266 4704 .
1287 4691 1294 4704 .
1313 4690 1321 4704 .
1338 4664 1394 4703 non
1413 4647 1527 4703 materia
1545 4688 1551 4703 .
1571 4690 1577 4702 .
1596 4689 1612 4716 .,
1629 4665 1686 4703 non

148 4753 190 4792 res
207 4737 281 4792 enim
299 4737 401 4809 pedum
413 4737 475 4793 XII
487 4739 646 4810 cuspidibus
658 4739 771 4812 praefixi
786 4783 792 4795 .
807 4782 813 4795 .
827 4781 833 4795 .
847 4756 896 4812 per
938 4739 1108 4794 frumentum
1124 4777 1130 4792 .
1144 4778 1150 4792 .
1166 4737 1299 4793 .dedcere
1316 4740 1433 4807 poterat
1451 4735 1544 4806 itaque
1560 4736 1686 4791 omnium

150 4821 215 4876 1111
232 4822 341 4879 ordines
358 4825 476 4880 cratium
494 4825 524 4880 in
541 4831 613 4882 terra
630 4826 826 4898 deligebantur.
844 4825 896 4880 ita-
938 4840 1052 4880 suornm
1074 4840 1210 4880 consensu
1228 4821 1311 4880 Curio
1329 4819 1448 4891 reliques
1465 4821 1558 4892 copias
1575 4837 1687 4892 exspec-

147 4923 201 4979 que
225 4908 370 4979 pedalibus
392 4910 475 4983 lignis
497 4913 652 4969 coniunctis
672 4913 745 4968 inter
767 4929 796 4968 se
812 4911 896 4984 porti·
938 4916 997 4966 tare
1014 4916 1042 4966 et
1059 4909 1164 4967 bellum
1179 4908 1277 4964 ducere
1288 4906 1417 4979 parabat:
1431 4908 1457 4974 2,
1464 4907 1508 4974 37,
1517 4907 1620 4977 (3-)6;
1638 4907 1686 4963 sed

149 5008 199 5048 cus
209 4991 404 5066 intcgebantur
418 5037 426 5054 .
439 5039 446 5054 .
460 5017 479 5053 .:
492 4999 667 5068 2,2‚(1-)3;
685 4999 780 5055 eodem
791 4997 896 5053 Brutus
936 5001 1033 5052 tantus
1067 4996 1122 5051 trit
1156 4994 1281 5051 omnium
1316 4999 1417 5061 terror,
1451 4997 1484 5048 ut
1512 4992 1560 5047 alii
1590 4993 1685 5049 adesse

147 5078 290 5136 mutendit
313 5088 395 5138 aucto
416 5083 533 5140 nauium
555 5100 676 5142 numero.
699 5101 764 5140 nam
788 5084 825 5141 ad
841 5099 896 5154 eas,
938 5081 1030 5154 copias
1053 5081 1141 5138 Iubae
1166 5080 1301 5150 dicerent,
1328 5078 1382 5136 alii·
1401 5119 1408 5134 .
1427 5119 1433 5135 .
1453 5119 1475 5148 .,
1501 5078 1549 5134 alii
1570 5077 1686 5136 classem
