3772 5602
247 275 309 336 aar
773 267 854 336 atl-
873 268 907 323 Δ·
925 269 957 338 ⁸)
975 263 1007 343 β)
1026 271 1185 342 salas)
1203 273 1259 344 osi)
1717 275 1784 335 ase

246 441 417 511 proponant:
439 437 537 505 1,3,'i;
561 435 709 507 Pompeius
730 435 767 491 ab
788 435 906 490 inimicis
924 435 990 492 Ose-
1032 439 1269 499 aduersariorum.
1282 483 1289 500 .
1303 484 1311 500 .
1323 443 1446 515 conquiri
1463 447 1492 498 et
1508 441 1609 497 remitti
1626 437 1715 494 iubet.
1733 435 1785 492 aad

244 524 314 580 saris
335 522 467 578 incitatus
491 562 498 576 .
517 562 524 577 .
543 561 550 576 .
572 525 662 576 totum
684 537 713 576 se
735 519 771 577 ab
794 521 852 576 eius
870 521 991 577 amicitia
1032 541 1067 580 ex
1083 543 1196 582 numero
1213 529 1387 586 tribunorum
1401 528 1521 584 militum
1533 525 1786 592 centurionumque

245 614 395 666 auerterat:
414 608 513 677 1,4,4;
540 623 590 662 nec
607 606 722 662 docendi
740 607 862 663 Caesaris
878 607 990 680 propin·
1032 627 1088 666 non
1114 613 1184 668 nulli
1209 631 1260 671 sua
1286 618 1431 671 uoluntate
1457 613 1531 685 apud
1552 629 1616 668 eum
1641 621 1785 664 romanae

245 695 308 767 quis
330 695 390 750 eius
407 693 527 765 spatium
545 693 639 749 datur:
658 695 683 760 1,
694 694 758 761 5,1;
781 694 887 750 tribuni
903 693 990 766 plebis
1033 703 1105 752 ruint
1123 715 1192 769 quos
1208 699 1255 756 ille
1271 707 1367 772 postea
1384 717 1485 772 magno
1502 699 1531 753 in
1547 698 1649 754 honore
1665 692 1785 750 habuit:

244 796 304 836 sese
325 825 330 836 .
350 822 356 834 .
375 779 411 834 ad
428 779 573 835 caesarem
596 779 751 834 conferunt.
773 779 797 834 is
818 797 851 834 so
868 785 991 851 tempore
1033 783 1059 848 1,
1068 783 1109 850 77,
1119 785 1181 851 1,2;
1207 787 1286 857 eique
1312 786 1421 858 negotio
1446 785 1481 854 Q.
1507 783 1619 840 Fufium
1643 779 1785 836 Calenum

243 871 304 922 erat
330 865 479 920 Rauennae
505 865 749 936 exspectabatque:
778 866 875 932 1,5,5;
901 865 990 920 alieno
1032 866 1153 940 legabrm
1175 873 1299 943 praeficit
1315 874 1445 941 (camur).
1463 871 1516 926 hoc
1533 869 1591 924 eins
1611 865 1787 938 praescripto

242 967 302 1007 esse
327 951 418 1006 animo
439 950 469 1004 in
486 948 631 1005 Caesarem
653 951 753 1006 milites
775 967 864 1022 neque
884 950 918 1004 iis
943 951 989 1021 (o)
1033 955 1145 1010 ...ad
1162 957 1270 1012 Varum
1288 959 1391 1014 fiumen
1408 962 1452 1014 est
1468 958 1519 1012 iter
1536 948 1787 1016 tmtum21,87‚4.

242 1052 323 1108 posse
339 1035 505 1108 persuaderi,
522 1036 564 1090 uti
576 1053 640 1092 eum
652 1037 801 1092 defendant
813 1041 863 1090 aut
873 1051 990 1107 sequan-
1033 1040 1062 1106 5;
1080 1041 1251 1112 praedicauit
1267 1043 1384 1099 aduersa
1400 1044 1544 1100 Caesarem
1561 1037 1665 1112 proelia
1678 1033 1788 1100 semeae,

244 1128 291 1177 tur
307 1122 419 1178 summ:
438 1124 461 1188 1,
472 1121 535 1189 s‚2;
558 1121 717 1178 Ariminum
734 1162 741 1177 .
759 1164 766 1178 .
785 1162 792 1176 .
810 1120 991 1192 proficiscitur
1032 1143 1164 1198 magnum
1183 1145 1328 1184 numerum
1347 1130 1383 1186 ab
1400 1145 1432 1185 eo
1449 1129 1571 1184 militum
1584 1124 1621 1180 ad
1633 1121 1789 1176 Ahanium

242 1208 364 1280 (Caesar)
382 1208 475 1279 ibique
492 1206 617 1263 tribunos
629 1207 726 1280 plebis,
743 1208 792 1279 qui
803 1206 839 1262 ad
851 1223 914 1262 eum
926 1222 991 1262 oon·
1033 1213 1196 1285 perfugisse:
1213 1215 1330 1283 2,18,3;
1352 1215 1455 1271 hadita
1475 1213 1582 1284 legione
1608 1209 1701 1266 Varro
1719 1207 1789 1261 Cor·

240 1294 384 1366 digerant,
406 1294 550 1349 conuenit:
568 1295 593 1361 1,
602 1294 628 1362 8,
638 1295 666 1360 1;
689 1293 806 1348 Roscius
824 1333 832 1348 .
850 1333 857 1347 .
876 1333 882 1348 .
900 1293 939 1348 lbi
958 1332 964 1346 .
983 1333 989 1347 .
1033 1297 1136 1354 dnbam
1148 1299 1184 1354 ad
1195 1301 1338 1358 Gaesarem
1350 1303 1441 1369 nenit;
1460 1299 1552 1356 relatis
1565 1296 1602 1352 ad
1613 1311 1678 1350 eum
1694 1290 1790 1364 publi·

243 1378 370 1436 consules
387 1379 610 1451 Pompeiumque
626 1378 748 1444 innenit;
765 1378 907 1449 postulata
924 1378 991 1434 an-
1032 1384 1072 1439 cis
1098 1401 1162 1440 cum
1187 1387 1242 1442 lide
1268 1387 1423 1443 rationibus
1447 1385 1522 1458 qnod
1549 1399 1631 1456 penes
1654 1395 1722 1435 eum
1746 1381 1791 1432 est

240 1465 310 1520 sads
338 1466 488 1521 renuntiat
517 1465 559 1520 illi
590 1463 741 1519 deliberata
769 1481 799 1518 re
826 1465 991 1536 respondent
1033 1472 1164 1541 pecuniae
1189 1473 1285 1528 tradit:
1312 1474 1431 1542 2,20,8;
1463 1471 1547 1527 curio
1572 1481 1730 1536 numquam
1760 1477 1792 1516 se

239 1551 396 1623 scriptaque
413 1551 450 1606 ad
466 1567 532 1606 eum
549 1550 682 1605 mandata
698 1590 704 1606 .
721 1591 747 1606 ..
764 1550 911 1606 remittunt
929 1552 990 1622 (c):
1033 1557 1135 1611 amhso
1152 1559 1284 1634 arescitis,
1307 1576 1389 1631 quem
1407 1575 1425 1613 a
1441 1558 1557 1614 Caesare
1574 1553 1638 1609 fidei
1656 1549 1792 1606 commis-

240 1638 390 1707 1,10,1.2;
407 1639 510 1694 Caesar
525 1637 599 1692 enim
613 1635 762 1690 aduentare
774 1635 830 1691 iam
841 1637 952 1707 iamque
963 1642 992 1693 et
1034 1659 1097 1696 sum
1121 1646 1267 1715 acceperit,
1288 1645 1318 1700 in
1335 1646 1394 1701 eins
1412 1647 1590 1714 conspectum
1607 1651 1793 1693 reuersurum

239 1722 412 1779 mesenus
430 1723 536 1794 equites
553 1722 624 1778 falso
641 1720 855 1776 nuntiabantur:
872 1721 990 1790 1,14,1;
1037 1725 1193 1784 confirmat:
1220 1729 1335 1798 a,42,4;
1362 1729 1495 1785 dictatore
1523 1726 1642 1781 habente
1673 1719 1794 1776 comitia

238 1809 363 1864 Auximo
374 1809 421 1881 (o)
432 1809 534 1864 Oamar
545 1823 704 1881 progressus
714 1805 761 1876 (o)
772 1823 992 1878 omnemagrum
1035 1812 1150 1868 Caesare
1171 1815 1297 1870 consules
1318 1819 1448 1872 creannn
1468 1812 1558 1868 Iulius
1582 1811 1686 1866 Caesar
1710 1814 1741 1861 et
1759 1805 1794 1860 P.

238 1895 373 1952 Pioennm
382 1894 523 1967 percurrit
533 1893 906 1963 cunctaeearumregionum
915 1909 991 1964 pras·
1035 1897 1181 1954 Seruilius:
1208 1899 1231 1954 is
1256 1900 1330 1956 enim
1352 1906 1411 1956 erat
1433 1915 1536 1966 mnus,
1562 1912 1617 1968 quo
1640 1911 1691 1966 per
1716 1893 1795 1962 leges

238 1981 362 2036 secturae
378 1979 568 2035 libentissimis
580 1977 679 2034 mimis
692 1994 757 2034 eum
771 1978 907 2048 recipiunt
917 1994 991 2034 exer-
1034 1984 1059 2038 ei
1079 1985 1156 2054 (eum
1174 1985 1205 2056 b>
1224 1986 1363 2041 consulem
1388 1986 1447 2042 lieri
1464 1985 1567 2040 liceret:
1585 1982 1689 2048 3,1,1;
1716 1975 1795 2048 quod

239 2067 382 2138 citumque
398 2067 458 2121 eius
476 2064 607 2120 omnihus
618 2063 701 2119 rebus
712 2063 819 2118 iuuant
832 2063 915 2118 etiam
928 2063 992 2118 Oin-
1034 2069 1111 2139 prius
1129 2069 1165 2124 ad
1181 2073 1366 2127 continentem
1384 2072 1461 2126 nisus
1475 2071 1520 2141 <o>
1533 2073 1576 2123 est
1586 2067 1692 2122 Caesar
1703 2079 1796 2134 quam

238 2153 305 2225 gulo
331 2193 339 2208 .
362 2193 369 2208 .
394 2192 402 2207 .
426 2149 463 2206 ad
489 2167 553 2206 eum
578 2149 663 2222 iegati
689 2149 819 2205 ueniunt:
842 2149 990 2216 1,15,1.2;
1033 2153 1069 2208 de
1090 2153 1148 2210 eius
1171 2155 1292 2212 aduentu
1316 2157 1393 2213 lama
1415 2156 1527 2212 omnino
1550 2153 1579 2208 in
1597 2167 1644 2206 eas
1663 2149 1797 2220 regiones

239 2240 343 2296 Caesar
366 2279 372 2293 .
399 2279 406 2293 .
430 2278 437 2292 .
459 2237 577 2308 reliquas
602 2235 749 2306 ..copias
771 2239 928 2306 exspectare
949 2234 990 2289 in·
1033 2239 1210 2310 perterretur:
1236 2243 1335 2310 3,7,3;
1361 2241 1406 2298 cui
1429 2241 1475 2312 (o)
1500 2240 1538 2294 rei
1562 2236 1654 2292 missia
1681 2235 1731 2306 <c>
1759 2233 1798 2288 ad

239 2325 340 2381 stituit
366 2340 399 2380 eo
416 2323 510 2378 triduo
527 2321 598 2394 legio
616 2320 702 2377 VIII.
719 2320 756 2375 ad
773 2337 836 2376 eum
855 2321 943 2376 uenit:
964 2322 990 2389 1,
1033 2324 1177 2380 Gaesarem
1198 2326 1294 2398 legatis
1316 2327 1453 2382 auxilium
1476 2325 1511 2380 ab
1535 2338 1569 2378 so
1594 2321 1748 2393 petebant:
1768 2320 1795 2382 3,

238 2412 355 2480 18,4.5;
373 2409 444 2476 20,5
460 2425 488 2464 a.
506 2408 535 2464 2.
554 2408 607 2474 Β.;
632 2421 721 2478 neque
738 2405 774 2460 ab
791 2421 823 2460 eo
840 2406 916 2478 prius
932 2406 990 2461 Do-
1033 2411 1099 2478 9,t;
1118 2410 1366 2468 demonstrauimus
1384 2411 1416 2466 L.
1434 2408 1593 2466 Vibullium
1614 2406 1798 2461 Rufum...

237 2498 347 2553 mitiani
370 2493 472 2550 milites
494 2491 641 2548 discedunt
665 2507 747 2563 quam
765 2491 990 2562 inconspectum
1033 2495 1075 2549 bis
1098 2495 1127 2549 in
1153 2502 1315 2567 potestatem
1332 2496 1489 2569 mmenisse
1506 2492 1632 2550 (lassaris
1651 2497 1742 2562 atque
1762 2488 1802 2544 ab

238 2583 363 2639 (lassaris
381 2581 543 2636 deducatur.
560 2593 624 2633 cum
642 2593 675 2632 eo
691 2577 726 2632 de
743 2577 832 2632 salute
850 2593 901 2631 sua
913 2577 987 2646 ugit:
1031 2597 1064 2636 eo
1088 2597 1146 2636 esse
1167 2581 1325 2638 dimissum:
1346 2584 1462 2651 3,10,1;
1488 2597 1517 2636 se
1544 2585 1629 2651 atque
1654 2575 1801 2648 oppidum

238 2672 264 2739 1,
272 2670 316 2737 22,
324 2669 349 2723 2.
359 2670 388 2735 3;
410 2665 589 2736 Caesarisque
610 2664 639 2717 in
663 2679 694 2718 se
717 2661 849 2718 beneficia
867 2664 989 2734 exponit,
1031 2666 1143 2722 Caesari
1159 2666 1264 2723 dedidit
1281 2668 1482 2738 incolumisque
1499 2665 1535 2720 ab
1551 2680 1584 2719 eo
1602 2665 1802 2718 conseruatus

236 2772 309 2828 auae
325 2758 404 2810 erant
421 2751 555 2807 mamma:
573 2747 648 2819 quos
665 2764 788 2820 nereum
801 2748 831 2802 in
842 2747 987 2820 eollenm
1030 2757 1085 2806 ec:
1109 2753 1224 2820 s,11,4;
1250 2761 1358 2826 respa
1383 2752 1484 2809 caan
1507 2749 1590 2806 01:00
1617 2788 1624 2803 .
1644 2788 1651 2802 .
1672 2789 1679 2802 .
1707 2745 1804 2818 spon

236 2840 402 2914 pontificum
425 2840 553 2904 uenerat,
571 2833 646 2905 qnod
664 2874 671 2889 .
690 2874 697 2889 .
715 2851 736 2889 .:
756 2835 782 2901 1,
790 2835 833 2901 22,
841 2835 905 2902 3.4;
930 2850 987 2889 non
1030 2837 1136 2892 lonium
1162 2839 1347 2910 proficiscitur.
1365 2839 1423 2894 eius
1443 2835 1541 2908 <Oshl‚·
1560 2833 1644 2890 cuius
1662 2849 1702 2896 a,-
1721 2832 1803 2901 edd.)

236 2927 332 2983 nullae
349 2923 474 2981 cohortes
491 2921 521 2976 in
539 2935 639 2992 agmen
656 2918 789 2985 Caesaris,
806 2918 876 2974 aliae
894 2919 939 2990 (a)
957 2920 987 2974 in
1030 2921 1155 2978 aduentu
1176 2924 1271 2980 audito
1289 2923 1320 2979 L.
1339 2923 1479 2980 Staberius
1499 2921 1554 2991 (c),
1572 2919 1622 2990 qui
1645 2917 1688 2972 ibi
1719 2933 1806 2990 prae·

236 3011 344 3085 equites
370 3008 505 3064 incidunt
528 3005 669 3062 reducitur
690 3004 727 3059 ad
748 3019 812 3058 eum
839 3004 988 3075 deprensus
1030 3013 1101 3076 erat,
1117 3025 1217 3080 aquam
1235 3015 1408 3081 comportare
1424 3008 1453 3062 in
1466 3021 1556 3060 arcem
1568 3005 1616 3074 (o)
1630 3011 1723 3075 atque
1735 3020 1805 3058 eam

236 3115 271 3154 ex
298 3096 398 3151 itinere
424 3093 462 3148 N.
494 3093 540 3164 (o)
572 3091 695 3163 Magius:
724 3093 749 3160 1,
762 3090 848 3158 24,4;
880 3091 990 3146 tametsi
1032 3093 1142 3148 munire
1167 3135 1175 3151 .
1197 3137 1203 3152 .
1227 3135 1234 3151 .
1262 3095 1364 3166 coepit:
1390 3093 1506 3160 3,12,1;
1535 3089 1673 3161 quoniam
1705 3089 1808 3160 primo

237 3178 490 3240 ...admirabatur
507 3177 630 3247 (Caesar)
648 3174 989 3248 Magium...adsenon
1033 3178 1189 3235 nementem
1212 3181 1355 3236 Caesarem
1372 3195 1428 3235 non
1440 3175 1657 3248 prohibuissent,
1676 3175 1727 3230 *at
1738 3175 1809 3230 reli·

236 3266 354 3334 remitti,
380 3269 464 3334 atque
490 3278 523 3317 ea
545 3277 588 3317 res
609 3273 691 3333 saepe
713 3265 850 3331 temptata
870 3261 922 3316 etsi
938 3262 989 3316 im·
1031 3279 1105 3334 quos
1133 3265 1191 3320 eius
1213 3265 1346 3321 exercitus
1368 3263 1545 3334 impedirent:
1569 3261 1595 3327 3,
1605 3261 1681 3330 aaa
1688 3278 1697 3326 ;
1731 3277 1809 3332 pon·

238 3359 320 3425 petus
344 3349 403 3406 eins
421 3348 592 3420 consiliaque
608 3345 751 3414 tardabat,
773 3353 866 3401 tamen
885 3386 892 3401 .
910 3386 917 3400 .
935 3387 942 3401 .
960 3347 989 3401 in
1033 3354 1115 3404 tones
1132 3349 1204 3404 Lissi
1227 3350 1359 3420 relinquit
1381 3348 1434 3402 hoc
1456 3345 1583 3413 oonsilio,
1609 3351 1645 3400 ut
1665 3386 1673 3401 .
1695 3387 1703 3401 .
1724 3385 1732 3402 .
1754 3345 1810 3400 ali·

236 3455 270 3495 eo
293 3433 527 3509 pemenmandnm
544 3432 676 3504 putabat:
694 3433 771 3500 1,26,
781 3431 813 3497 23
840 3431 939 3486 Caesar
955 3431 990 3486 iis
1034 3449 1122 3503 quam
1139 3433 1239 3490 Caesar
1255 3434 1291 3489 ad
1307 3432 1505 3504 insequendum
1523 3429 1694 3486 facultatem
1714 3431 1810 3486 habe-

236 3521 412 3589 ciuitain'bus,
429 3535 501 3590 ques
518 3517 555 3572 ad
571 3517 631 3572 eius
648 3517 800 3572 amicitiam
813 3523 990 3586 accesseram,
1033 3523 1093 3586 ret,
1114 3520 1278 3592 nuntiosque
1301 3519 1337 3574 ad
1358 3535 1421 3574 eum
1445 3515 1566 3573 celeriter
1593 3516 1700 3572 mittit:
1720 3519 1750 3582 3,
1761 3519 1810 3586 29,

238 3650 265 3665 ..
280 3649 287 3664 .
300 3623 384 3680 pecus
401 3603 571 3676 imperabat:
584 3604 609 3672 1,
620 3602 702 3671 5245
720 3601 839 3674 imperat
855 3601 990 3658 militibus
1034 3604 1066 3670 4;
1087 3603 1187 3658 Caesar
1199 3645 1205 3662 .
1217 3646 1224 3662 .
1236 3604 1424 3676 ‚temptandas
1436 3602 1489 3658 sibi
1500 3600 1661 3672 prouincias
1676 3643 1684 3657 .
1700 3643 1730 3658 ..
1746 3603 1811 3658 exi·

236 3695 352 3762 Caesar,
378 3697 412 3746 ut
437 3706 523 3746 naues
548 3689 665 3756 ludant,
690 3688 770 3743 cuius
796 3687 902 3758 generis
926 3703 990 3743 eum
1034 3687 1183 3756 stimabat;
1200 3695 1307 3744 etcum
1324 3689 1361 3744 ad
1377 3705 1440 3744 eum
1461 3704 1496 3742 ex
1512 3686 1659 3741 Thessalia
1671 3688 1811 3744 Aetolia·

236 3776 425 3851 superioribus
442 3775 522 3831 annis
540 3791 610 3830 usus
627 3773 787 3829 Britanniae
803 3773 947 3829 docuerat:
965 3776 990 3844 1,
1034 3789 1092 3845 que
1108 3772 1190 3844 iegati
1208 3775 1354 3841 uenissent,
1366 3813 1373 3827 .
1386 3814 1414 3828 ..
1432 3773 1518 3827 misit:
1536 3772 1615 3840 3,34,
1626 3773 1652 3826 1.
1664 3773 1699 3842 2;
1719 3773 1812 3846 (an-

236 3867 319 3934 tt,1;
344 3861 455 3918 interim
482 3860 618 3917 Oscenses
643 3865 672 3914 et
696 3857 901 3930 calagurritani
924 3899 930 3913 .
953 3898 990 3915 ..
1035 3861 1094 3926 sar)
1113 3857 1295 3928 Dyrrachium
1318 3858 1458 3930 proiectus
1475 3861 1517 3912 est
1534 3896 1541 3910 .
1560 3897 1567 3911 .
1586 3896 1593 3911 .
1613 3898 1620 3913 .
1640 3857 1812 3931 Pompeius

236 3951 355 4006 mittunt
377 3947 413 4002 ad
431 3963 496 4002 eum
513 3945 633 4016 legatos:
652 3946 677 4013 1,
686 3945 766 4013 60,1;
790 3943 891 3998 transit
906 3943 990 3999 etiam
1035 3942 1114 3998 enim
1140 3944 1233 4014 primo·
1250 3944 1378 4015 ignorans
1401 3944 1459 3998 eius
1483 3941 1633 3997 consilium
1658 3985 1666 4000 .
1691 3984 1728 4001 ..
1755 3963 1810 4002 an-

238 4035 337 4091 cohors
351 4031 589 4103 Illurgauonensis
607 4029 642 4084 ad
660 4045 725 4084 eum
742 4029 854 4100 cognito
871 4029 990 4084 ciuitatis
1035 4026 1137 4100 guatiis
1159 4029 1198 4083 rel
1219 4028 1414 4084 frumentariae
1436 4025 1615 4098 compulsum
1633 4027 1812 4088 discessisse

238 4118 368 4176 oonsilio:
394 4120 421 4187 1,
432 4117 514 4185 60,4;
545 4113 752 4186 relinquebatur
782 4113 892 4170 Caesari
920 4114 991 4168 nihil
1034 4112 1227 4180 exishmahat3
1249 4119 1344 4185 postea
1360 4155 1368 4169 .
1387 4155 1393 4170 .
1412 4154 1419 4168 .
1440 4119 1531 4168 casua
1551 4113 1645 4169 mouit
1670 4114 1813 4174 breuiore

237 4206 293 4262 nisi
324 4205 366 4260 nti
392 4204 519 4276 equitatu
546 4216 645 4273 agmen
672 4199 892 4256 aduersariorum
918 4199 991 4254 male
1034 4199 1136 4254 itinere
1153 4214 1183 4252 se
1199 4201 1379 4254 occurrereei
1395 4215 1475 4270 posse
1491 4215 1618 4270 sperans:
1637 4201 1813 4271 3,41,3.4;

236 4284 849 4361 haberetetcarperetpons<e>enimipsius
857 4301 991 4360 magnum
1036 4283 1118 4338 milia
1146 4283 1308 4354 sagittarum
1338 4285 1443 4340 cirmter
1470 4283 1560 4338 XXX
1585 4285 1617 4340 in
1644 4289 1813 4345 castellnm

237 4375 384 4434 munitum
409 4375 546 4444 habebat,
571 4379 605 4429 ut
630 4372 720 4428 midto
747 4371 872 4428 breuiore
894 4371 991 4427 itinere
1036 4366 1163 4424 coniecta
1185 4368 1293 4424 Caesari
1319 4370 1545 4425 renuntiauerant
1567 4371 1630 4441 (o),
1659 4381 1814 4448 scutoque

237 4463 279 4517 illi
304 4461 339 4516 ad
362 4461 500 4516 Hiberum
523 4457 666 4532 peruenire
687 4463 808 4530 possent
833 4456 936 4528 equites
954 4458 990 4512 ab
1036 4453 1158 4509 adeum
1176 4453 1261 4508 relato
1274 4454 1394 4511 Scaeum
1410 4454 1577 4510 centurionis
1595 4454 1723 4514 inuenta
1736 4469 1814 4517 sunt

237 4565 271 4604 eo
296 4546 375 4601 missi
399 4546 503 4602 flumen
532 4551 690 4601 uanssunt:
717 4546 742 4614 1,
754 4543 877 4614 aaa&
902 4559 991 4615 neque
1034 4540 1067 4594 in
1093 4553 1127 4592 eo
1151 4537 1284 4594 foramina
1301 4539 1382 4595 (lXX
1401 4541 1462 4610 <c>:
1480 4540 1599 4608 3,53,4;
1622 4543 1736 4612 nolite,
1757 4548 1813 4604 ob-

238 4648 304 4689 uero
326 4632 356 4687 id
374 4633 420 4704 (o)
439 4632 583 4688 Gaesarem
606 4631 731 4702 fuglebat
748 4671 755 4686 .
774 4670 781 4686 .
800 4670 807 4684 .
826 4668 834 4684 .
851 4627 934 4699 idque
954 4644 991 4682 ex
1035 4639 1128 4690 secro,
1152 4626 1334 4693 committere,
1356 4625 1429 4695 quod
1451 4631 1515 4678 ante
1532 4625 1562 4678 in
1579 4631 1714 4686 exercitu
1735 4633 1813 4690 an-

239 4718 286 4790 (c>
304 4717 433 4773 omnibus
459 4716 585 4789 partibus
603 4715 639 4772 ab
656 4732 688 4772 eo
705 4714 895 4788 flagitabatur:
913 4715 990 4783 1,71,
1035 4709 1107 4766 saria
1132 4725 1188 4765 non
1209 4709 1320 4778 accidit,
1342 4715 1375 4764 ut
1396 4710 1434 4764 rei
1456 4709 1584 4765 militaris
1603 4712 1737 4773 dedecus
1758 4719 1813 4775 sd.

240 4805 269 4870 13
287 4801 324 4856 ad
342 4803 488 4860 Caesarem
505 4803 624 4859 uemnnt
640 4818 722 4874 seque
739 4801 764 4857 ei
781 4799 990 4857 commendant:
1035 4795 1180 4863 mittatur,
1204 4794 1424 4865 incolumemque
1440 4793 1477 4849 ad
1494 4811 1558 4850 enm
1576 4797 1702 4856 deferte:
1723 4805 1754 4874 3,
1764 4807 1813 4874 64,

240 4891 265 4958 1,
277 4889 363 4957 74‚4;
395 4905 584 4962 magnumque
612 4888 734 4944 fructum
763 4902 830 4942 suae
858 4885 992 4958 pristinae
1036 4882 1069 4948 43
1094 4879 1218 4935 Caesar.
1237 4878 1396 4950 ..reliquit
1418 4879 1447 4932 in
1470 4895 1551 4950 opere
1574 4883 1710 4942 cohortes
1731 4890 1813 4946 duas

238 4973 360 5029 lenitatis
378 5017 385 5031 .
403 5017 410 5031 .
429 5017 435 5031 .
454 4975 555 5032 Caesar
571 4973 688 5043 ferebat,
714 4973 915 5044 consiliumque
931 4971 991 5026 eius
1036 4981 1112 5030 .··;
1129 4963 1188 5035 ipse
1202 5004 1209 5019 ·
1223 5003 1249 5018 ι.
1266 4964 1384 5035 reliquas
1401 4963 1524 5019 cohortes
1537 5007 1544 5021 .
1558 5009 1564 5022 .
1579 5010 1584 5022 .
1598 4971 1637 5024 ad
1657 4971 1813 5045 legionem

238 5075 256 5113 a
283 5061 389 5116 cunctis
416 5061 596 5135 probabatur:
621 5062 646 5130 1,
656 5061 722 5131 iti
729 5077 736 5128 ;
764 5059 866 5116 Cacsar
888 5057 991 5112 milites
1035 5048 1154 5120 Pompei
1259 5047 1361 5105 eduxit
1384 5065 1473 5120 neque
1497 5066 1561 5106 eum
1588 5057 1686 5126 prima
1705 5063 1813 5134 opinio
