3742 5602
93 328 154 387 665
714 335 778 372 nam
799 349 828 358 -
849 319 1000 374 Namnetes
1566 327 1626 384 686

91 495 151 544 erat
166 489 250 544 ciuile
267 489 371 545 bellum
392 531 398 544 .
416 531 423 544 .
442 507 463 555 .;
487 489 606 560 legiones
623 504 671 543 eae
690 489 751 559 (o),
769 505 840 560 quae
882 505 970 559 neque
991 504 1055 542 eum
1077 488 1167 559 prima
1188 488 1281 558 opinio
1303 487 1407 542 fefellit.
1433 503 1498 542 nam
1523 493 1551 543 st
1568 504 1627 560 per·

91 575 176 647 paulo
194 579 258 629 ante
269 577 344 647 apud
356 574 526 631 aduersarios
540 574 660 630 fuerant:
678 575 838 630 mmetiam
883 574 959 629 uenit
985 574 1060 644 priua
1083 591 1166 644 qnam
1190 573 1340 645 Pompeius
1362 573 1461 628 sentire
1485 580 1577 644 posset
1600 579 1629 630 et

92 660 216 717 Caesaris
240 660 371 716 beneficia
392 663 437 731 (c)
459 661 636 716 imminuerat
657 661 702 732 (c)
725 676 839 716 consus-
970 658 1091 714 celeriter
1117 659 1262 730 adgressus
1285 657 1467 729 Pompeianos
1495 676 1530 714 ex
1552 659 1628 715 uallo

91 746 175 814 tudo,
192 762 249 816 qua
265 747 426 802 offerrentur
443 747 486 815 (a.
509 746 584 816 00>:
602 748 679 814 229,
690 748 720 813 3;
738 752 839 801 castro-
882 743 1055 800 deturbauit:
1067 746 1183 812 3,67,4;
1200 761 1289 816 neque
1309 761 1374 800 uem
1387 744 1547 816 Pompeiani
1564 745 1628 800 huie

92 849 154 888 rum
180 838 273 888 autem
300 833 418 887 mutatio
446 832 513 903 quid
539 831 624 886 habet
647 832 699 886 nisi
728 838 836 903 turpem
884 830 922 883 rei
944 830 1099 885 defuerunt.
1117 847 1183 886 nam
1201 835 1229 886 ot
1246 831 1300 886 tela
1318 831 1402 884 missa
1419 836 1585 902 exceperunt
1601 837 1630 886 et

92 919 187 990 fugam
216 925 245 973 et
266 917 482 989 desperationem
505 919 629 973 omnium
652 923 681 972 et
698 919 839 973 alienatio-
883 913 1020 986 impetum
1039 916 1179 986 legionum
1198 916 1322 971 tulerunt
1338 921 1366 970 et
1383 915 1491 970 ordines
1505 918 1551 986 (a)
1565 933 1628 972 oon-

91 1021 155 1059 nem
174 1003 330 1060 exercitus?
348 1020 413 1058 nam
430 1020 520 1074 usque
537 1003 671 1074 pudentes
691 1005 736 1074 <c>
752 1005 840 1074 auspi·
882 1007 1030 1056 seruarunt
1053 1001 1169 1073 pilisque
1193 1002 1282 1056 missis
1300 1001 1335 1056 ad
1353 1001 1458 1072 gladios
1476 1001 1629 1058 rodiemnt:

92 1090 147 1144 cari
170 1094 278 1160 oportet
303 1089 356 1144 sibi
380 1105 477 1160 parum
504 1089 576 1144 credi
595 1106 683 1160 nsque
699 1089 839 1160 improbos
881 1087 907 1152 3,
920 1088 999 1153 9623
1025 1086 1086 1157 qui,
1104 1079 1158 1142 etsi
1183 1102 1283 1157 magno
1301 1093 1379 1140 aestu
1397 1119 1432 1130 -
1449 1103 1513 1142 nam
1534 1089 1628 1158 <aestu

91 1176 160 1230 scire
178 1191 236 1229 sese
254 1175 356 1230 timeri:
369 1175 485 1241 2,31,t;
505 1175 620 1231 desinite
638 1192 702 1246 ergo
720 1176 839 1231 decom·
882 1171 941 1225 nati
964 1171 982 1224 b
992 1189 1051 1240 pr.;
1075 1177 1153 1226 aestu
1176 1170 1212 1226 ιιῖι
1234 1172 1325 1226 baud.
1343 1189 1395 1234 m.‚·
1416 1179 1494 1227 aestu
1512 1173 1629 1244 fatigati,

91 1261 226 1332 positione
244 1259 332 1331 loqui;
357 1276 422 1316 nam
440 1260 518 1315 nobis
536 1261 589 1315 nisi
608 1261 732 1316 (lassaris
749 1262 840 1331 capite
882 1273 947 1310 narn
979 1256 1026 1327 ol)
1056 1256 1092 1313 ad
1117 1257 1256 1312 meridiem
1285 1273 1327 1311 res
1353 1263 1412 1311 erat
1438 1258 1569 1328 perducta
1595 1289 1628 1300 -

90 1347 178 1401 relato
207 1363 262 1417 par
292 1361 351 1400 esse
376 1345 456 1401 nulla
479 1352 582 1417 potest:
609 1348 725 1413 3‚19,i;
756 1345 840 1402 flebat
884 1347 977 1395 tamen
1004 1342 1039 1397 sd
1065 1359 1173 1397 omnem
1203 1342 1322 1397 laborem
1349 1343 1441 1398 animo
1468 1345 1555 1414 parati
1578 1345 1629 1399 im-

90 1430 229 1502 aequitate
254 1431 355 1486 decreti
378 1437 407 1486 et
428 1431 601 1486 humanitate
625 1431 754 1486 Trebouii
783 1433 840 1502 (o),
884 1427 960 1498 perio
983 1433 1145 1497 paruerunt:
1170 1429 1196 1496 3,
1206 1429 1286 1495 95‚1;
1312 1435 1401 1483 castra
1424 1446 1441 1483 a
1462 1431 1628 1497 cohortibus,

91 1559 96 1570 .
118 1559 125 1571 .
144 1559 150 1572 .
175 1523 207 1572 ut
225 1517 335 1588 reperiri
353 1532 408 1571 non
428 1523 542 1587 possent
560 1518 617 1588 (a),
636 1535 653 1572 a
670 1517 771 1588 quibus
788 1517 841 1571 ini-
883 1529 955 1583 quae
976 1513 1015 1567 ibi
1038 1513 1172 1585 praesidio
1194 1519 1273 1568 erant
1289 1514 1411 1582 relictae,
1433 1515 1567 1572 industrie
1584 1517 1629 1572 ds·

90 1604 162 1659 tium
189 1601 345 1675 appellandi
377 1608 539 1657 nasceretur.
566 1619 630 1657 nam
661 1604 774 1658 fortasse
801 1605 841 1657 in-
886 1599 1085 1665 tendebantur,
1112 1599 1201 1654 multo
1224 1600 1307 1654 etiam
1331 1599 1419 1654 scrius
1442 1601 1629 1658 albraeibus

92 1690 185 1760 opiam
212 1703 343 1743 excusare
367 1694 395 1742 et
417 1688 602 1743 calamitatem
626 1695 675 1743 aut
702 1690 838 1760 propriam
884 1683 1062 1756 barbarisque
1088 1685 1206 1740 auxiliis.
1228 1701 1293 1740 uam
1317 1685 1366 1756 qui
1389 1701 1421 1739 ea
1444 1687 1502 1740 acis
1522 1688 1630 1760 refuge-

91 1790 173 1828 suam
197 1779 247 1828 aut
264 1780 419 1845 tempomm
439 1775 518 1844 queri
535 1780 564 1828 et
579 1773 757 1829 difficultates
777 1791 840 1829 auc·
884 1775 947 1824 rant
972 1771 1074 1826 milites
1098 1776 1127 1825 et
1149 1772 1242 1826 auimo
1266 1771 1402 1842 perterriti
1424 1779 1453 1825 et
1469 1772 1630 1829 lassitudine

90 1858 216 1914 donandi
239 1876 389 1930 proponere
410 1861 492 1914 etiam
521 1860 664 1915 mediocris
682 1867 725 1915 est
742 1861 840 1926 animi;
884 1855 999 1910 conlecti
1018 1857 1108 1911 missis
1126 1857 1249 1928 plerique
1260 1858 1343 1911 armis
1355 1857 1494 1928 signisque
1505 1859 1629 1916 militari·

90 1945 211 2014 integras
239 1960 305 1998 uero
322 1951 413 2000 tenere
431 1947 615 2018 possessiones
632 1945 680 2016 qui
698 1963 728 2000 se
744 1946 842 2000 debers
885 1940 937 1995 bus
962 1983 1020 1998 ...
1043 1941 1079 1996 de
1096 1983 1103 1996 .
1122 1984 1128 1996 .
1147 1943 1214 2013 fuga
1233 1983 1239 1997 .
1259 1985 1265 1997 .
1284 1984 1291 1997 .
1309 1943 1480 2013 cogitabant:
1497 1945 1630 2016 3,9o,(s.)

93 2031 234 2084 fateantur
256 2031 335 2085 cuius
362 2031 447 2085 animi
475 2035 525 2085 aut
550 2032 630 2085 cuius
653 2031 843 2102 impudentiae
885 2027 916 2092 3;
941 2043 1030 2097 neque
1052 2029 1143 2082 multo
1160 2033 1223 2098 post
1239 2029 1274 2082 de
1292 2027 1394 2099 proelio
1411 2027 1484 2082 facto
1501 2030 1529 2084 in
1547 2031 1631 2086 Thes·

90 2115 338 2185 astrasapes
355 2115 423 2170 aesc
434 2092 843 2187 maerensmaerens
891 2111 961 2167 sans
981 2114 1123 2184 aetam
1146 2118 1200 2182 es,
1227 2119 1259 2168 ut
1282 2114 1349 2184 ipsis
1366 2113 1540 2184 Pompeianis
1564 2117 1631 2172 aaa

94 2204 177 2272 atque
195 2200 342 2272 Pompeius
360 2209 539 2272 cognoscunt.
557 2219 622 2257 uam
640 2208 842 2274 praeteruectus
890 2197 980 2251 fieret:
1009 2215 1075 2253 nam
1105 2206 1169 2254 ante
1197 2199 1225 2254 id
1255 2205 1364 2270 tempus
1394 2199 1461 2269 fingi
1490 2217 1507 2254 a
1535 2199 1630 2272 legatis

91 2285 267 2358 Apolloniam
308 2287 547 2358 Dyrrachiumque
585 2304 671 2342 naues
707 2287 843 2354 uiderant,
887 2283 1039 2354 amicisque
1073 2285 1197 2340 Caesaris
1236 2285 1456 2340 arbitrabantur:
1490 2288 1631 2355 3,101,s;

92 2375 112 2442 †
134 2371 186 2442 ipsi
210 2371 262 2426 iter
279 2373 431 2427 secundnm
450 2389 497 2426 sas
517 2379 589 2428 terra
608 2375 654 2444 (a)
673 2373 843 2440 derexerant,
887 2368 990 2424 amitae
1006 2385 1084 2425 meae
1095 2364 1185 2425 Iuliae
1202 2375 1358 2426 maternum
1377 2387 1463 2442 genus
1475 2372 1511 2426 ab
1522 2373 1631 2445 regibns

90 2457 138 2511 ssd
157 2473 214 2527 quo
231 2463 323 2512 essem
340 2459 409 2529 [eae]
429 2458 751 2530 delataeprimisdiebus
766 2459 843 2530 igno·
887 2459 992 2522 ortum,
1021 2461 1166 2526 paternum
1189 2472 1253 2510 cum
1275 2457 1327 2512 diis
1350 2457 1551 2512 immortalibus
1569 2477 1632 2514 con·

92 2542 198 2598 rabant
222 2543 389 2614 cognitaque
412 2559 442 2598 re
465 2543 576 2598 diuersa
598 2544 651 2598 sibi
674 2543 757 2599 ambo
779 2561 842 2600 con·
887 2539 1014 2594 iunctum
1033 2548 1081 2597 est
1100 2559 1165 2596 nam
1183 2542 1219 2597 ab
1237 2544 1315 2597 Anco
1333 2542 1437 2596 Marcio
1453 2549 1520 2598 sunt
1536 2543 1632 2600 Marcii

90 2628 152 2682 silis
169 2628 297 2699 capiunt:
313 2629 392 2694 aso,
403 2629 427 2682 1.
437 2629 489 2697 (23)
508 2631 668 2685 nuntiatum
686 2635 729 2686 ast
746 2631 842 2687 adesse
888 2625 990 2696 Reges,
1007 2643 1063 2698 quo
1080 2628 1193 2682 nomine
1208 2628 1264 2682 fuit
1280 2633 1381 2693 maten
1400 2644 1417 2681 a
1434 2628 1540 2684 Venere
1558 2629 1632 2699 Iulii,

92 2712 247 2784 Scipionem
270 2729 334 2768 oum
352 2713 509 2786 legionibus
528 2716 574 2785 (a)
593 2731 696 2788 magna
714 2717 843 2788 opinions
886 2711 966 2766 euius
995 2714 1083 2784 gentis
1112 2713 1218 2768 familia
1244 2719 1286 2767 est
1308 2717 1416 2768 nostra:
1438 2731 1482 2783 op.
1507 2715 1578 2770 Sciet.
1601 2719 1631 2783 s;

93 2803 121 2852 et
143 2799 219 2852 fama
241 2801 381 2864 omnium
407 2815 473 2854 nam
491 2801 655 2872 plerumque
671 2802 701 2856 in
719 2803 843 2858 nouitate
888 2797 933 2850 usl
952 2813 1001 2868 pro
1017 2798 1137 2870 hospitio
1154 2799 1225 2870 regis
1237 2799 1396 2854 Nicomedis
1414 2799 1458 2854 uel
1471 2816 1521 2870 pro
1533 2803 1631 2856 horum

92 2883 168 2938 lama
183 2900 243 2938 rem
261 2885 398 2940 anteoedit
410 2886 454 2955 (a.
471 2885 546 2956 00>:
559 2887 675 2954 3,3o,1;
693 2894 751 2942 erat
768 2905 844 2944 noua
890 2883 1069 2951 necessitate,
1091 2901 1208 2956 quorum
1226 2885 1257 2938 de
1276 2901 1304 2940 re
1321 2884 1424 2955 agitur,
1446 2885 1568 2958 refugere
1586 2889 1632 2958 (a)

92 2974 120 3024 st
149 2970 280 3025 inmitata
310 2970 376 3025 belli
405 2970 477 3025 ratio
505 2987 569 3026 cnm
596 2977 639 3028 tot
666 2974 842 3028 castellorum
886 2967 938 3022 hoc
965 2985 1067 3023 munus
1091 3010 1098 3023 .
1118 3011 1124 3024 .
1143 3012 1149 3026 .
1168 2987 1224 3025 non
1241 2969 1410 3041 puluinum
1434 2987 1522 3042 nsque
1543 2972 1631 3028 homi·

91 3071 205 3110 numero
233 3096 239 3109 .
265 3095 272 3110 .
296 3097 302 3110 .
327 3063 356 3110 ot
381 3060 440 3110 toto
467 3056 616 3111 obsidionis
643 3075 754 3128 genere,
779 3063 840 3113 tum
885 3070 953 3108 num
973 3059 1060 3109 morte
1077 3057 1210 3112 memoria
1231 3057 1314 3111 deleri
1336 3055 1431 3122 debet,
1452 3057 1519 3126 quin
1537 3074 1554 3111 a
1571 3075 1631 3128 pro·

91 3141 173 3196 stiam
198 3140 310 3212 reliquis
335 3140 424 3196 rebus.
453 3157 517 3196 nam
537 3143 705 3214 quicumque
721 3144 839 3199 alterum
885 3137 968 3194 rimis
986 3141 1144 3208 retineatur,
1160 3157 1249 3213 nsque
1265 3142 1376 3196 clientes
1394 3142 1452 3196 sine
1469 3144 1630 3198 summatu-

91 3224 217 3280 obsidsre
242 3225 334 3280 conati
353 3231 433 3290 sunt,
458 3227 598 3297 peronnae
616 3233 702 3299 atque
719 3229 841 3285 infirmos
885 3223 970 3278 famia
987 3225 1073 3280 defleri
1091 3234 1220 3297 imiimi:
1238 3245 1282 3296 ap.
1304 3227 1369 3281 0⁰²3·
1388 3226 1501 3293 v13,a.

91 3311 184 3366 hostes
212 3351 218 3364 .
247 3351 253 3366 .
282 3351 288 3364 .
316 3311 527 3380 continuerunt,
556 3329 619 3367 cum
647 3313 699 3384 ipsi
727 3331 842 3369 numero
924 3310 951 3368 2.
987 3312 1108 3367 additur
1142 3314 1385 3381 interrogatlulst
1423 3313 1629 3382 quibusnam

92 3397 216 3467 equitum
242 3396 418 3466 militumque
440 3403 626 3468 praestarent;
649 3441 655 3453 .
679 3440 685 3454 .
711 3441 717 3453 .
741 3405 771 3454 ai
794 3401 841 3471 (e)
885 3395 1041 3450 manibus
1068 3403 1117 3452 aut
1142 3399 1243 3468 quibus
1269 3398 1375 3453 uiribus
1402 3399 1560 3469 praesertim
1584 3400 1632 3456 bo·

92 3488 153 3536 tum
171 3482 291 3552 integras
309 3487 393 3552 atque
410 3482 563 3537 incolumes
575 3484 668 3556 copias
681 3485 781 3540 Caesar
794 3485 840 3555 (c)
885 3479 974 3533 mines
998 3481 1045 3552 (o)
1071 3483 1196 3538 tantulae
1223 3489 1345 3540 staturae
1366 3525 1372 3540 .
1392 3525 1398 3539 .
1418 3526 1424 3538 .
1447 3485 1517 3540 tanti
1543 3488 1632 3541 oneris

94 3567 221 3622 inferiore
239 3568 286 3637 (a)
305 3568 427 3622 militum
450 3585 565 3624 numero
582 3569 753 3638 continebat,
778 3587 840 3624 cum
885 3565 984 3620 turrim
1009 3567 1054 3637 (ο)
1077 3567 1106 3622 in
1133 3583 1214 3624 muro
1237 3569 1282 3639 (e)
1308 3585 1367 3625 sese
1391 3571 1535 3626 conlocare
1552 3589 1632 3640 porse

93 3653 135 3707 illi
161 3652 286 3706 omnium
313 3669 404 3706 rerum
427 3653 506 3722 eopia
528 3653 715 3722 abundarent;
742 3655 842 3711 cotidie
884 3649 1207 3721 confiderent21130,l;
1317 3655 1381 3721 ihi
1400 3661 1545 3728 perpetuas
1562 3657 1633 3713 inter

92 3739 165 3792 enim
186 3777 192 3790 .
210 3777 217 3790 .
237 3739 297 3805 .:3,
306 3738 349 3804 47,
358 3738 406 3806 (1.)
415 3738 440 3792 2.
451 3739 503 3806 (3ς)
520 3739 694 3811 Pompeianis
711 3757 840 3812 magnam
884 3749 913 3788 se
930 3739 1290 3806 oontmusrsisshabebant,
1309 3741 1450 3811 quinam
1464 3743 1499 3812 <u
1528 3743 1631 3798 ralteri

94 3825 139 3893 (c)
171 3839 213 3878 res
239 3823 275 3877 ad
302 3828 442 3894 receptum
469 3823 664 3880 difficultatem
691 3825 840 3882 adferebat
884 3815 918 3893 β)
938 3822 1187 3879 ⁸¹1l0f0rreiur=
1205 3825 1330 3893 V44‚2;
1402 3831 1495 3894 item
1564 3829 1631 3884 dum

93 3926 157 3964 nam
181 3924 215 3963 ex
238 3908 334 3980 iniquo
358 3909 492 3980 progressi
516 3909 576 3965 loeo
596 3911 624 3964 in
651 3927 760 3966 summo
778 3929 841 3968 con·
888 3903 990 3960 Caesar
1006 3909 1192 3977 existimauit,
1213 3910 1376 3983 quidnam
1394 3913 1542 3984 Pompeius
1560 3929 1632 3985 pro·

93 3997 221 4050 stitsrant
239 4035 245 4050 .
265 4035 271 4049 .
290 4013 312 4050 .:
329 3997 356 4062 3,
366 3996 446 4062 51‚o;
470 3995 565 4051 eodem
587 4002 710 4069 tempore
732 3998 841 4052 duobus
883 3991 993 4060 positi
1017 3999 1076 4048 aut
1097 3995 1295 4050 uoluntatis
1320 3997 1355 4052 ad
1373 3997 1560 4054 dimicandum
1578 3998 1631 4053 ha·

92 4087 231 4152 praeterea
258 4081 326 4136 locis
352 4087 507 4151 pugnatum
533 4087 576 4136 est
605 4112 638 4123 -
665 4099 730 4138 nam
760 4083 841 4154 plura
871 4074 1129 4146 .bsrer:a,ss‚1;
1232 4086 1272 4149 Π
1292 4098 1436 4152 quonam
1454 4083 1521 4138 baso
1539 4083 1631 4138 omnia

94 4167 207 4222 castula
234 4166 384 4236 Pompeius
413 4167 515 4237 pariter
542 4167 714 4223 distinendae
742 4185 840 4223 manns
883 4160 936 4214 niti
954 4161 989 4215 ed
1007 4179 1086 4219 suam
1104 4166 1251 4236 perniciem
1268 4169 1460 4238 pertinere?
1479 4171 1537 4236 1,9,
1546 4171 1570 4224 4·

93 4268 177 4306 causa
201 4257 401 4324 temptausrat,
428 4269 463 4306 ns
486 4269 521 4307 ex
543 4253 677 4325 proximis
699 4253 841 4324 praesidiis
918 4246 1155 4308 Nammeius.
1195 4251 1235 4318 Os.
1258 4253 1343 4307 etms
1356 4271 1383 4323 p.
1402 4256 1463 4307 140.

93 4337 214 4392 suoenrri
232 4343 325 4408 posset
338 4355 388 4390 -ι
407 4353 462 4392 uno
479 4338 539 4393 loco
558 4379 564 4392 .
584 4378 591 4393 .
609 4379 630 4406 .,
648 4339 746 4394 altero:
764 4340 789 4406 3,
798 4339 841 4406 ta,
917 4336 997 4389 cuins
1014 4335 1157 4408 legationis
1176 4337 1337 4393 Nammeius
1352 4340 1491 4410 (nameim
1503 4339 1536 4404 b,·
1554 4357 1632 4394 nam·

93 4423 118 4476 1.
128 4424 178 4490 (26
205 4439 274 4492 quos
300 4422 466 4494 Pompeius,
492 4423 565 4493 qnod
653 4464 659 4478 .
683 4440 788 4479 nouum
813 4430 843 4479 et
884 4425 993 4498 pronius
1005 4423 1035 4493 s>
1057 4427 1085 4478 et
1101 4422 1293 4478 Verucloetius
1310 4425 1460 4496 principem
1474 4424 1519 4495 (a)
1538 4425 1629 4480 locum

96 4513 202 4577 praeter
229 4508 457 4564 consuetudinem
486 4508 634 4575 acciderat,
668 4509 762 4564 omnia
792 4525 842 4564 sua
885 4511 1061 4568 obtinebant:
1079 4508 1163 4574 11,3.

95 4593 232 4662 praesidis
258 4593 446 4648 circumduxit
474 4599 560 4664 atque
587 4597 745 4650 ostentauit
775 4611 840 4650 nam
918 4596 1144 4655 Namnetes.
1183 4593 1223 4663 Os.
1246 4593 1331 4648 elasa
1344 4610 1373 4662 p.
1391 4595 1451 4648 140.

94 4681 159 4730 ante
184 4677 213 4730 id
237 4681 347 4750 tempus
372 4695 453 4734 nemo
476 4685 526 4734 aut
548 4679 626 4734 miles
648 4685 698 4734 aut
719 4695 801 4751 eques
824 4697 841 4734 a
917 4681 1005 4737 socios
1027 4679 1080 4734 sibi
1104 4679 1185 4734 adid
1204 4679 1308 4734 bellum
1321 4679 1631 4749 Osismos,1exonios,

94 4761 210 4816 Caesare
232 4761 268 4816 ad
293 4763 456 4836 Pompeium
487 4765 643 4820 morat:
665 4767 691 4833 3,
700 4766 839 4832 61,(1.)2;
883 4768 1035 4824 Namnetes
1047 4767 1206 4836 (namnetes
1219 4765 1281 4834 Αἱ),
1299 4763 1464 4820 Ambiliatos
1478 4767 1534 4836 (e),
1546 4767 1632 4822 Mori·

94 4863 164 4918 quse
187 4863 229 4902 res
247 4888 254 4901 .
273 4888 281 4901 .
300 4889 307 4904 .
326 4865 459 4921 magnum
480 4891 486 4904 .
505 4891 514 4903 .
532 4849 632 4904 noeais
650 4850 781 4906 attulerat
797 4851 840 4905 in·
884 4869 942 4920 nos,
961 4851 1117 4906 Diablintes
1131 4852 1187 4922 (c),
1205 4849 1348 4920 Menapios
1366 4849 1535 4906 adsdscuut:
1549 4850 1631 4921 1119,

94 4932 279 4988 commodum.
305 4951 370 4989 uam
394 4941 428 4990 ut
450 4936 486 4990 ad
508 4951 583 4989 mare
600 4934 631 4988 II
651 4938 697 5007 (e)
716 4935 841 4991 cobortes
884 4941 932 5004 10;
957 4937 1045 5008 (quas
1062 4935 1210 5003 (ciuitates)
1223 4975 1229 4989 .
1242 4976 1248 4989 .
1262 4975 1268 4988 .
1281 4935 1453 4991 Aremoricae
1471 4937 1517 5008 (a)
1536 4938 1630 5009 appel·

94 5034 182 5072 nonas
213 5018 327 5088 legionis
356 5021 555 5088 exouhnerant,
585 5037 720 5076 amessere
748 5021 841 5076 subito
883 5024 990 5090 tantur,
1020 5037 1074 5092 quo
1101 5022 1216 5076 suntin
1241 5037 1355 5076 numero
1377 5021 1551 5078 Coriosolites
1574 5025 1630 5094 (c),

95 5146 101 5159 .
130 5145 136 5158 .
165 5145 170 5156 .
199 5100 358 5174 Pompeiani
387 5107 429 5175 (a.
463 5106 525 5175 00>
554 5147 560 5160 .
588 5148 594 5159 .
622 5124 643 5160 ,ι
666 5107 840 5177 3,63,(5.)6;
884 5107 1009 5162 Redones
1022 5106 1079 5178 (a),
1097 5106 1250 5162 Amblbarii
1264 5107 1319 5177 (c),
1331 5107 1437 5164 Caletes
1451 5107 1507 5178 (a),
1519 5107 1631 5184 Osismi,
