3764 5602
199 262 258 322 363
848 257 940 328 itaque
957 285 990 296 -
1007 256 1073 311 item
1660 263 1721 323 364
1796 288 1801 298 ‹

196 427 318 484 hostium
355 427 478 484 celeritm
506 427 700 486 aduolaturam
730 428 941 502 suspicarentur.
983 432 1098 502 ruptum
1124 428 1204 500 (00)
1230 429 1328 486 timore
1353 429 1519 501 fugientium
1547 431 1678 486 terrorem
1699 432 1729 484 et

196 514 290 586 itaque
321 513 470 586 perterritis
499 514 628 571 omnihus
658 515 711 572 sibi
736 514 853 588 quisque
878 531 941 572 con-
983 514 1136 587 peniculum
1159 515 1291 588 augebat:
1313 517 1339 584 3,
1347 517 1390 584 64,
1398 516 1488 585 (mi
1514 513 1616 572 Oaoear
1637 531 1655 570 a
1678 514 1723 586 (c)

196 600 319 656 sulebat:
332 601 358 669 2,
367 601 409 665 43,
420 601 506 671 (a.)3;
523 601 608 657 fiebat
624 601 762 674 aequitate
773 601 874 658 decreti
886 641 893 656 .
906 641 913 656 .
926 642 942 670 .,
983 602 1168 673 superioribus
1185 601 1305 658 consiliis
1322 601 1454 673 depulsus
1467 616 1578 656 omnem
1591 599 1644 656 sibi
1655 617 1731 657 com·

196 690 229 741 ut
249 685 359 758 reperiri
383 701 439 742 non
463 693 576 758 possent
594 687 655 759 (c),
675 704 694 743 a
710 686 812 760 quihus
829 687 941 743 initium
984 687 1147 744 mutandam
1174 688 1240 744 belli
1268 688 1404 744 rehum
1430 686 1609 742 existimauit
1635 686 1730 759 itaque

196 771 355 845 appellandi
384 778 550 830 nasceretur.
580 791 646 829 nam
675 775 792 830 fortasse
819 773 942 846 inopiam
983 791 1041 830 uno
1062 779 1186 847 tempore
1207 774 1349 847 praesidiis
1372 773 1503 829 omnibus
1526 771 1730 828 deductis...

198 873 331 914 excusam
349 899 356 914 .
374 899 381 916 .
399 899 406 916 .
424 859 507 916 etiam
529 859 673 916 mediocris
690 865 732 916 est
748 859 848 927 animi3
873 859 942 916 inte·
984 866 1134 932 coactoque
1155 861 1185 916 in
1207 878 1296 916 unum
1320 861 1412 916 locum
1434 859 1558 915 exercitu
1574 857 1730 914 contionem

195 960 259 1016 gras
288 960 355 1001 uero
383 949 475 1002 lenem
502 945 686 1018 possessiones
714 946 763 1018 qni
790 962 819 1002 se
844 945 942 1003 dehere
1064 948 1163 1006 hahuit
1183 948 1364 1020 hortatusque
1381 951 1436 1014 est,
1458 961 1506 1001 ne:
1522 945 1641 1014 8,⁷s‚1;
1663 944 1731 1001 an-

196 1029 334 1086 fateantur
359 1031 438 1087 culus
464 1032 550 1088 animi
575 1037 626 1088 aut
649 1031 729 1088 cuim
754 1031 943 1104 impudentiae
983 1051 1029 1091 sar
1049 1050 1139 1106 nsque
1160 1035 1227 1090 satis
1249 1032 1385 1090 militibus
1410 1029 1559 1104 perterritis
1576 1029 1732 1087 confidebat

198 1116 263 1171 est?
298 1117 392 1188 itaque
420 1117 473 1173 hoc
501 1118 548 1190 qui
578 1117 730 1190 postularet
757 1119 942 1190 reperiebatur
984 1125 1090 1177 ...et
1115 1136 1360 1194 ..magnopere
1382 1119 1420 1175 rei
1442 1115 1635 1173 frumentariae
1652 1115 1732 1172 time-

196 1217 290 1258 nemo:
308 1203 334 1272 3,
342 1204 386 1271 20,
394 1203 499 1274 (2-)4;
524 1203 677 1260 incredibili
698 1205 827 1262 felicitate
849 1212 943 1264 auster
983 1208 1040 1264 bat
1062 1208 1155 1280 itaque
1177 1207 1256 1262 nulla
1278 1205 1441 1278 interponite
1463 1219 1540 1259 mora
1561 1243 1569 1258 .
1587 1242 1620 1257 ..
1644 1200 1731 1272 ienpe·

280 1287 310 1342 in
335 1289 461 1346 Africum
487 1307 517 1346 se
542 1290 632 1346 uertit
653 1291 699 1347 hio
720 1292 842 1348 subitam
868 1309 941 1350 com·
982 1293 1107 1350 dimasto
1132 1294 1227 1350 omnia
1254 1293 1299 1364 (c)
1330 1291 1440 1348 silentio
1551 1287 1731 1360 Apolloniam

195 1375 379 1430 mutationem
406 1376 535 1434 fomuuae
560 1377 654 1434 uidere
674 1377 766 1434 licuit:
789 1379 838 1450 qui
859 1379 942 1436 modo
983 1381 1126 1454 praemisit
1143 1421 1150 1436 .
1169 1421 1176 1435 .
1195 1397 1215 1434 .:
1232 1381 1259 1448 3,
1268 1379 1376 1447 (74,3;)
1387 1377 1468 1445 ib,1;
1485 1376 1588 1432 timens
1605 1373 1731 1430 Domitio

195 1460 249 1515 sibi
271 1461 435 1531 dmuerant,
460 1463 512 1518 hos
533 1463 691 1518 tutissimus
712 1469 809 1536 portus
831 1465 942 1538 recipie-
984 1507 992 1522 .
1018 1507 1025 1520 .
1052 1507 1059 1522 .
1086 1466 1123 1522 ad
1150 1481 1215 1521 eum
1241 1463 1318 1520 omni
1344 1461 1482 1520 celeritate
1504 1503 1511 1518 .
1530 1501 1562 1516 ..
1584 1460 1730 1516 ferebatur.

194 1545 244 1602 hat
266 1548 330 1618 (c),
351 1549 399 1619 qui
415 1549 517 1606 nostrIs
533 1548 654 1605 mnibus
670 1549 824 1622 peniculum
841 1551 941 1607 intule-
984 1551 1070 1608 totius
1096 1556 1189 1608 autem
1213 1550 1251 1607 rsi
1273 1549 1420 1607 consillum
1441 1547 1486 1603 his
1508 1547 1662 1604 rationibus
1683 1562 1730 1602 ex·

195 1637 266 1700 rant,
286 1633 321 1689 ds
338 1649 389 1690 suo
406 1634 502 1691 timere
518 1635 695 1708 cogebantur.
712 1634 807 1707 itaque
819 1641 942 1709 tempore
983 1637 1119 1711 plicabat,
1137 1642 1188 1693 ut.
1202 1679 1209 1692 .
1223 1679 1229 1693 .
1243 1640 1357 1709 cogeret.
1375 1635 1469 1707 itaque
1485 1632 1642 1706 praemissis
1659 1649 1730 1688 nnn·

194 1724 367 1776 commutato
384 1725 533 1793 tempestas
550 1727 579 1778 et
595 1727 704 1779 nocuos
721 1723 794 1779 texit
809 1728 838 1778 et
854 1740 941 1780 naues
983 1724 1030 1780 tiis
1053 1724 1090 1780 ad
1107 1724 1158 1781 (ln.
1176 1723 1333 1779 Domitium
1350 1720 1492 1778 Caesarei
1512 1720 1558 1792 (c)
1576 1719 1687 1791 scripsit
1703 1724 1732 1776 et

195 1803 319 1860 Rhodias
341 1805 461 1876 adflixit,
483 1808 523 1864 ite
545 1813 578 1863 ut
603 1851 610 1866 .
632 1850 639 1864 .
662 1825 682 1864 .:
700 1809 941 1878 3,(26,5-)27,2;
983 1810 1051 1882 quid
1067 1810 1126 1866 fieri
1143 1809 1228 1866 uellet
1244 1807 1643 1878 ostendit...:3,i8,(2-)5;
1660 1821 1731 1878 quae

194 1889 369 1948 acerbissime
391 1893 541 1965 imperatae
563 1894 697 1966 pecuniae
719 1899 779 1951 tota
799 1895 942 1967 prouincia
984 1913 1051 1969 gens
1073 1897 1170 1969 paucis
1193 1900 1258 1951 aute
1273 1893 1466 1950 mensibus..
1485 1933 1492 1949 .
1511 1892 1704 1965 praesidium.
1723 1933 1730 1948 .

194 1975 378 2048 exigebantur
395 2020 401 2034 .
421 2019 428 2035 .
447 2019 454 2034 .
473 2021 480 2036 .
498 1980 665 2037 accedebant
687 1980 724 2036 ad
745 1980 813 2036 haec
835 1982 940 2054 grauis-
984 1983 1020 2038 ab
1045 1998 1078 2038 eo
1095 1982 1217 2038 militnm
1235 1981 1357 2054 petierat
1375 1979 1424 2035 sed
1440 1995 1473 2035 eo
1490 1978 1565 2036 fama
1581 1979 1637 2034 iam
1654 1994 1731 2050 prae·

195 2061 280 2119 simae
297 2080 421 2120 usurae.
441 2105 448 2120 .
467 2105 473 2120 .
492 2107 499 2121 .
517 2067 610 2137 itaque
627 2083 673 2122 aes
691 2066 813 2122 alienum
830 2067 942 2139 prouin·
984 2072 1106 2125 currerat
1124 2068 1172 2140 (c)
1191 2109 1198 2124 .
1217 2109 1224 2122 .
1243 2109 1249 2123 .
1269 2066 1305 2122 ds
1326 2065 1428 2138 proelio
1445 2065 1634 2136 Dyrrachino,
1655 2063 1731 2136 quod

195 2148 254 2204 ciac
270 2165 303 2204 eo
320 2149 431 2206 biennio
449 2151 666 2224 multiplicatum
683 2157 739 2208 est:
751 2155 941 2224 s,32,(1-)e;
984 2153 1080 2210 multis
1092 2159 1207 2210 auxerat
1220 2154 1266 2225 (c)
1280 2152 1413 2225 partibus.
1430 2151 1550 2222 itaque
1562 2149 1732 2206 Androsthe-

194 2234 310 2306 (Scipio)
328 2236 455 2293 Fauonio
477 2239 613 2294 auxilium
637 2240 707 2295 ferre
723 2239 873 2296 contendit
890 2241 942 2296 ita·
983 2256 1047 2308 nes,
1064 2244 1174 2312 praetor
1189 2237 1353 2306 Thessaliae,
1371 2253 1444 2294 cum
1461 2253 1490 2293 se
1506 2235 1637 2292 uictoriae
1648 2235 1732 2292 Pom·

194 2336 249 2392 que
276 2321 320 2376 die
347 2339 380 2379 ao
406 2328 487 2380 nocte
512 2325 673 2381 continuato
704 2326 801 2381 itinere
824 2326 860 2381 ad
877 2343 941 2382 eum
984 2325 1028 2398 pei
1045 2326 1173 2382 comitem
1192 2342 1252 2382 esse
1267 2324 1364 2380 mallet
1382 2367 1388 2378 .
1407 2363 1414 2378 .
1433 2364 1456 2392 .‚
1478 2339 1588 2379 omnem
1605 2338 1641 2377 ex
1657 2322 1730 2394 agris

195 2408 332 2477 peruenit:
356 2409 382 2476 3,
391 2410 434 2478 36,
442 2411 529 2481 (7,)8;
555 2410 603 2466 ubi
628 2411 709 2466 illum
735 2411 794 2466 suis
818 2412 886 2468 locis
912 2429 942 2469 se
984 2412 1217 2468 multitudinem.
1237 2409 1316 2466 ..in
1339 2409 1474 2482 oppidum
1491 2409 1566 2482 cogit
1582 2413 1731 2482 portasque

195 2496 290 2548 tenere
306 2493 432 2550 animum
452 2495 498 2567 <c>
516 2495 650 2562 aduertit,
673 2496 787 2553 reducto
803 2498 833 2553 in
850 2503 942 2555 castra
983 2497 1138 2571 praecludit
1159 2503 1188 2554 et
1210 2539 1217 2553 .
1236 2539 1244 2553 .
1265 2537 1272 2552 .
1297 2495 1397 2551 mittit:
1414 2495 1602 2566 s,80,(1-)o;
1629 2493 1731 2550 milites

196 2579 318 2635 mercitu
344 2581 421 2637 aliud
447 2581 501 2638 sibi
527 2583 673 2640 consilium
696 2583 861 2656 capiendum
884 2585 942 2640 exi·
984 2584 1092 2654 docuit,
1120 2588 1257 2656 quantum
1273 2598 1358 2637 nsum
1375 2580 1488 2636 haberet
1506 2622 1512 2636 .
1530 2621 1537 2638 .
1557 2622 1564 2636 .
1582 2579 1665 2652 potiri
1683 2596 1732 2651 op-

195 2665 328 2722 stimauit
354 2667 447 2740 itaque
471 2673 581 2740 postero
608 2669 652 2726 die
675 2710 732 2725 ...
757 2669 942 2740 Dyrrachium
983 2672 1079 2744 pido.
1103 2711 1110 2726 .
1134 2711 1141 2726 .
1163 2669 1308 2743 opulento,
1330 2709 1337 2724 .
1360 2707 1367 2722 .
1393 2708 1400 2723 .
1422 2666 1498 2739 prius
1519 2682 1604 2738 quam
1626 2665 1733 2721 auxilia

194 2752 332 2822 profectus
349 2759 403 2809 est:
416 2755 442 2824 3,
450 2755 493 2825 41,
502 2756 589 2826 (a.)3;
608 2755 719 2826 (omnia
735 2756 809 2812 enim
825 2756 943 2814 flumina
985 2761 1183 2814 concurrerent
1218 2755 1313 2826 itaque
1347 2769 1415 2809 usus
1444 2751 1578 2824 singulari
1609 2751 1730 2807 miiitum

196 2877 202 2892 .
222 2839 373 2895 ..Oeam
393 2845 444 2896 cut
464 2845 694 2899 auerterataut.
715 2885 721 2897 .
742 2841 942 2900 ,obstruxerat
983 2843 1076 2900 studio
1104 2843 1201 2898 eodem
1226 2857 1282 2914 quo
1310 2843 1424 2896 uenerat
1448 2838 1494 2894 die
1518 2879 1575 2894 ...
1597 2836 1732 2910 oppidum

195 2963 254 2978 ...
280 2928 435 2997 terramque
451 2925 609 2998 adgcsserat
627 2928 688 3000 (e),
709 2933 742 2984 ut
759 2944 860 3001 aquam
878 2946 941 2986 con·
984 2926 1432 3001 ...expugnauit:3,ffl,(5.)6;
1449 2923 1643 2997 temptandum
1665 2922 1731 2979 an-

194 3008 296 3066 tinsret
324 3012 379 3082 (c).
408 3011 448 3067 ita
474 3013 546 3084 (Oa,¹
567 3015 660 3086 itaque
682 3013 782 3080 recc.?,·
805 3015 878 3086 edd.)
900 3016 943 3071 illi
984 3031 1034 3069 sor
1061 3013 1244 3082 existimauit,
1269 3011 1402 3083 quidnam
1423 3011 1573 3082 Pompeias
1600 3008 1732 3082 propositi

195 3096 348 3153 necessario
374 3096 433 3152 loca
456 3099 534 3170 sequi
557 3138 615 3156 ...
637 3099 774 3172 palustria
794 3105 824 3156 et
845 3106 943 3173 puteos
984 3105 1035 3156 ant
1054 3099 1209 3155 uoluntatis
1234 3098 1271 3154 ad
1293 3097 1482 3154 dimicandum
1500 3096 1621 3154 haberet
1638 3096 1733 3167 itaque

196 3181 288 3237 fodere
314 3183 495 3255 cogebantur:
521 3185 547 3253 3,
558 3185 602 3253 49,
614 3186 659 3254 (4.)
672 3187 719 3258 ὅς)
751 3187 942 3258 temptandam
984 3203 1020 3242 ex
1037 3186 1133 3242 castis
1150 3185 1303 3241 exercitum
1319 3183 1416 3240 eduxit
1432 3181 1732 3254 aciemqueinstruxit:

196 3266 249 3322 sihi
271 3268 405 3324 Achaiam
428 3310 435 3323 .
458 3310 465 3325 .
489 3311 495 3324 .
518 3270 695 3328 existimabat
716 3273 824 3329 Caesar.
849 3273 944 3345 itaque
985 3273 1011 3340 3,
1020 3272 1064 3340 84,
1072 3271 1160 3343 (1.)2;
1188 3271 1231 3327 his
1254 3275 1313 3326 erat
1334 3270 1417 3326 rebus
1440 3271 1582 3338 effectum,
1603 3273 1637 3324 ut
1658 3267 1733 3340 equi·

198 3351 398 3423 <existimabat
425 3371 519 3411 caesar
544 3356 638 3428 itaque
663 3358 754 3429 codd.)
781 3374 814 3413 so
835 3359 871 3428 Q.
895 3359 942 3432 (e)
986 3363 1047 3415 tum
1065 3357 1141 3414 mille
1158 3399 1165 3414 .
1180 3397 1206 3413 ..
1224 3357 1285 3413 Vll
1304 3356 1413 3412 milium
1431 3355 1664 3428 Pompeianorum
1681 3353 1733 3408 im-

197 3437 332 3494 Galenum
355 3441 431 3497 misit
452 3442 532 3513 eique
550 3443 597 3514 (c)
616 3443 753 3500 Sabinum
770 3449 799 3500 et
815 3444 942 3502 Cassium
984 3449 1080 3517 petum
1109 3484 1166 3498 ...
1190 3442 1325 3498 sustinere
1347 3441 1481 3498 auderent
1497 3456 1587 3513 neque
1604 3481 1612 3496 .
1630 3481 1637 3494 .
1655 3480 1662 3495 .
1680 3444 1733 3495 ter-

197 3564 205 3579 .
223 3565 230 3579 .
249 3564 256 3579 .
274 3525 416 3599 adiungit:
434 3528 460 3597 3,
469 3529 553 3596 tel,
581 3529 719 3601 duplicem
741 3545 774 3586 eo
795 3529 857 3587 loco
873 3531 943 3588 fece·
984 3535 1118 3586 rerentur.
1139 3545 1259 3600 namque
1278 3528 1421 3600 <itaqusf)
1439 3527 1523 3584 etiam
1546 3543 1595 3600 per
1611 3541 1657 3582 eos
1674 3523 1733 3580 diss

196 3615 241 3665 rat
266 3611 373 3668 uallum
400 3654 484 3669 ....
511 3614 558 3670 sed
584 3631 699 3688 operum
725 3617 890 3689 magnitudo
914 3622 944 3673 st
986 3615 1121 3688 proelium
1145 3613 1298 3671 secundum
1320 3619 1445 3686 equestre
1461 3614 1537 3670 fecit:
1557 3611 1733 3683 s,ss‚(4.)o;

196 3699 341 3755 continens
358 3699 483 3754 omnium
499 3700 608 3758 dierum
626 3703 704 3758 labor
786 3703 943 3775 perficiendi
985 3718 1072 3758 naues
1094 3702 1192 3774 longae
1213 3715 1348 3771 occupare
1364 3700 1457 3756 hostes
1473 3698 1645 3755 conabantur
1663 3737 1670 3752 .
1687 3737 1694 3752 .
1713 3714 1734 3763 .;

200 3786 321 3856 spatium
344 3802 400 3841 non
425 3785 519 3842 dabat.
541 3787 636 3860 itaque
651 3793 748 3845 eonha
764 3806 840 3845 mare
856 3796 944 3846 traus-
986 3805 1054 3860 quas
1072 3787 1096 3843 si
1112 3787 1331 3859 occupauissent,
1348 3785 1435 3842 classe
1454 3785 1565 3841 ansari
1579 3784 1626 3856 (o)
1641 3787 1734 3854 erepte

198 3888 309 3927 uersum
335 3873 469 3928 uallum.
489 3873 664 3929 ..nondum
686 3875 849 3946 perfecerat:
866 3877 891 3942 3,
901 3877 943 3944 63,
1069 3878 1226 3930 commeatu
1253 3871 1419 3944 auxiliisque
1442 3871 1587 3927 Gaesarem
1608 3868 1734 3942 prohibe·

197 3959 301 4028 (3-)t;
327 3975 463 4016 accessere
484 3959 577 4016 subito
600 4002 606 4015 .
626 4001 658 4015 ..
683 3960 845 4032 Pompeiani
869 4004 875 4018 .
896 4003 903 4018 .
922 3979 942 4030 .;
986 3965 1056 4016 rent.
1073 3960 1168 4032 itaque
1180 3963 1260 4015 tante
1271 3964 1314 4014 est
1324 3957 1499 4014 contentione
1509 3961 1613 4024 actum,
1629 3959 1735 4027 quante

197 4044 280 4099 simul
299 4086 305 4099 .
326 4087 333 4102 .
351 4088 358 4103 .
375 4046 405 4100 in
422 4045 583 4102 exteriorem
602 4047 649 4117 (o)
668 4047 775 4102 uallum
792 4047 848 4103 tale
864 4047 943 4104 iacie-
986 4045 1031 4117 agi
1055 4044 1164 4113 debuit,
1186 4061 1250 4101 cum
1273 4044 1315 4100 illi
1333 4044 1379 4116 (e)
1398 4043 1513 4100 weram
1535 4043 1564 4098 in
1582 4058 1615 4097 ea
1631 4057 1661 4098 re
1677 4041 1734 4097 uic·

199 4129 276 4199 hant,
289 4172 296 4184 .
311 4173 317 4186 .
331 4171 338 4186 .
351 4147 505 4204 magnaque
517 4130 668 4187 multitudo
681 4132 943 4203 sagittariorum...
988 4129 1104 4200 teriam,
1129 4130 1159 4186 hi
1179 4131 1225 4202 (c)
1243 4130 1362 4186 salutem
1386 4147 1466 4186 suam
1487 4127 1636 4186 consistere
1658 4127 1734 4182 uide·

198 4216 477 4274 choumhnndebatur.
500 4217 621 4273 multum
648 4223 742 4274 autem
765 4217 801 4274 ab
823 4218 882 4274 ictu
904 4219 944 4274 la·
986 4223 1060 4274 rent:
1078 4217 1260 4287 s,111,(4.)e.

200 4301 306 4373 pidum,
323 4304 398 4374 qnod
415 4320 503 4358 unum
520 4304 621 4359 nocuis
638 4303 806 4374 erattelum,
822 4305 944 4361 niminea
1020 4305 1130 4364 item.
1169 4303 1203 4363 A.
1233 4319 1290 4360 non
1318 4304 1472 4373 respondet
1501 4301 1648 4372 particula
1676 4303 1734 4369 ute

199 4389 375 4460 tegimenta.
394 4389 634 4445 ..defendebant
656 4391 774 4462 itaque
795 4406 869 4446 cum
886 4406 944 4446 om·
985 4390 1017 4460 a)
1035 4405 1093 4446 non
1115 4389 1235 4446 additur
1255 4391 1359 4461 atqnef,
1381 4392 1428 4460 et,
1452 4403 1520 4458 que:
1545 4387 1682 4444 Haedui.
1701 4427 1709 4442 .
1728 4425 1735 4442 .

134 4519 136 4526 .
198 4474 283 4530 nibus
300 4475 381 4531 rebus
399 4475 485 4532 nostri
503 4481 690 4548 premerentur
706 4482 790 4548 atque
806 4492 886 4549 aegre
903 4493 944 4534 re-
986 4476 1091 4548 lcgetos
1109 4475 1145 4531 ad
1157 4475 1301 4531 Gaesarem
1319 4475 1437 4531 mittunt
1447 4479 1575 4548 rogatum
1588 4473 1733 4529 auxilium.

199 4559 335 4629 sisterent,
352 4562 575 4617 animaduersum
596 4567 639 4617 est
656 4561 757 4618 uitium
775 4563 945 4633 munitionis,
988 4603 995 4618 .
1018 4603 1026 4617 .
1050 4603 1057 4617 .
1080 4562 1176 4617 eodem
1199 4566 1322 4633 tempore
1343 4603 1350 4618 .
1374 4603 1381 4618 .
1408 4602 1415 4616 .
1439 4559 1645 4616 Ambarri...
1667 4559 1735 4614 Gae-

199 4645 273 4716 quod
291 4663 375 4718 supra
392 4650 610 4705 demonstratum
627 4653 670 4703 est
686 4653 769 4720 atque
852 4649 945 4720 (Pom-
987 4664 1075 4704 sarem
1093 4647 1235 4704 certiorem
1252 4647 1359 4704 faciunt
1375 4663 1434 4704 sese
1451 4688 1459 4702 .
1477 4687 1484 4702 .
1503 4687 1509 4701 .
1528 4661 1584 4700 non
1601 4643 1682 4700 facile
1698 4643 1735 4699 ah

199 4731 290 4802 peiani
312 4737 430 4802 nostros)
456 4739 534 4806 terga
555 4739 661 4790 uertere
683 4739 842 4807 coegerunt:
867 4737 894 4804 3,
902 4737 945 4806 63,
987 4733 1096 4807 oppidis
1113 4735 1172 4789 nim
1188 4734 1312 4789 hostium
1330 4732 1480 4806 prohibere
1491 4732 1559 4788 item
1570 4729 1735 4802 Allobroges

197 4817 300 4889 (fi-i&
331 4835 402 4890 quae
430 4819 576 4892 (cohortes)
606 4819 742 4892 fugientes
770 4822 945 4894 conspicatae
1068 4836 1097 4875 se
1119 4818 1155 4876 ad
1178 4819 1323 4876 Gaesarem
1345 4818 1482 4892 recipiunt
1497 4821 1526 4874 et
1542 4818 1735 4874 demonstrant

198 4919 287 4975 neque
309 4905 372 4960 illos
396 4920 447 4961 suo
469 4906 593 4962 aduentu
617 4905 778 4963 confirmare
794 4911 946 4979 potuensnt
987 4905 1040 4963 sibi
1065 4911 1171 4978 praeter
1189 4906 1248 4978 agri
1266 4905 1356 4961 solum
1373 4903 1443 4960 nihil
1460 4918 1519 4959 esse
1536 4901 1648 4974 reliqui:
1667 4901 1735 4970 111,

198 5005 287 5061 nsqm
304 4991 380 5062 ipsae
393 4992 440 5062 (c)
452 4992 574 5048 hostium
591 4994 725 5065 impetum
744 4991 875 5049 tulerunt
893 4993 944 5049 ita·
985 4994 1065 5060 (2.4.)
1077 4993 1108 5060 53
1125 4991 1289 5048 siHeeduis
1303 4990 1338 5046 de
1348 4990 1464 5058 iniuriis,
1482 4988 1629 5061 quaeipsis
1640 4987 1735 5042 sociis·

196 5091 251 5152 quc
277 5075 472 5149 quodcumque
494 5079 650 5136 addebatur
671 5078 810 5148 subsidio,
836 5079 865 5136 id
886 5095 944 5136 cor·
987 5095 1042 5150 que
1058 5093 1154 5134 eorum
1171 5076 1324 5147 intulerint,
1343 5077 1409 5134 item
1421 5077 1445 5132 si
1456 5074 1655 5147 Allobrogibus
1666 5073 1735 5129 sads
