3796 5646
686 1575 1261 1733 Pausuluro

300 1784 355 1852 Iis,
382 1787 499 1856 quaein
518 1788 615 1858 prioris
633 1788 784 1844 uoluminis
801 1788 970 1859 praefatione
987 1789 1060 1857 dlxi,
1083 1805 1174 1859 pauca
1191 1789 1322 1844 uidentur
1339 1788 1472 1844 addenda.
1508 1787 1574 1842 Iure
1591 1803 1609 1842 e
1626 1785 1740 1856 qulbus·

73 1909 76 1922 .
198 1867 265 1923 dam
284 1869 352 1924 uluis
370 1869 469 1937 doctis,
485 1872 534 1941 qui
551 1872 586 1927 de
603 1874 693 1943 primo
709 1872 794 1928 huius
811 1871 892 1928 lexioi
910 1873 1053 1928 uolumine
1070 1873 1205 1928 iudicium
1222 1874 1359 1938 iecerrmt,
1381 1872 1576 1944 reprehensum
1594 1875 1645 1938 est,
1665 1869 1740 1940 quod

74 1982 77 1994 ›
198 1969 255 2007 non
274 1968 370 2009 maere
386 1955 541 2010 secundum
558 1955 713 2012 litterarum
731 1957 856 2012 ordinem
874 1972 957 2012 uoces
974 1957 1140 2028 digemcrim.
1181 1957 1217 2012 In
1240 1957 1350 2012 duobus
1376 1971 1442 2012 sane
1468 1956 1667 2012 uocabulorum
1694 1969 1741 2024 ge·

72 2044 76 2103 1
197 2036 311 2091 neribus
328 2036 446 2107 paulum
463 2039 499 2094 eb
516 2039 565 2095 illo
583 2040 679 2095 ordine
695 2040 822 2096 discessi:
840 2056 905 2096 nam
922 2046 951 2100 et
964 2041 1097 2098 1111611111
1113 2059 1221 2114 semper
1238 2041 1391 2108 adiectiuis,
1407 2056 1425 2095 e
1443 2040 1545 2111 quibus
1563 2039 1649 2094 ducta
1665 2041 1742 2105 sunt,

72 2186 75 2203 .
145 2163 148 2167 .
197 2119 337 2190 subiunxi,
354 2125 382 2176 et
398 2122 557 2193 participia,
576 2125 660 2180 etlam
677 2124 702 2179 si
719 2124 921 2180 adiectiuorum
939 2141 1053 2182 munere
1069 2126 1237 2198 iunguntur,
1256 2128 1416 2180 constanter
1433 2139 1466 2179 ea
1483 2123 1582 2191 uerba,
1604 2120 1740 2192 equibus

197 2203 331 2275 originem
349 2203 466 2274 ducunt,
482 2207 615 2279 subsequi
633 2208 721 2264 uolui.
747 2207 813 2275 Qua
830 2208 943 2278 quidem
961 2209 1068 2266 ratione
1088 2211 1183 2282 paucis
1196 2209 1364 2282 quibusdam
1376 2208 1444 2264 locis
1456 2207 1562 2279 aliquid
1573 2205 1741 2262 incommodi

73 2296 76 2304 ·
197 2293 290 2344 ortum
308 2293 358 2344 est
394 2288 450 2344 Sed
466 2290 496 2344 in
513 2291 601 2347 altero
619 2292 763 2347 uolumine
780 2291 846 2347 buio
864 2291 938 2348 maio
957 2294 998 2349 ita
1015 2295 1117 2350 mederi
1135 2299 1252 2350 conatus
1270 2309 1349 2360 sum,
1375 2296 1408 2346 ut
1429 2308 1481 2348 suo
1504 2291 1565 2346 loco
1582 2290 1742 2358 iudiearem,

196 2389 252 2443 qua
272 2373 302 2428 in
319 2373 420 2444 pagiua
431 2375 491 2429 aius
502 2375 577 2430 modi
590 2391 673 2432 uoces
684 2376 883 2432 inuenireutur.
921 2377 963 2434 Vt
979 2365 1079 2434 iubeo
1095 2393 1125 2433 re
1143 2378 1315 2445 constantia,
1331 2376 1372 2432 ita
1388 2377 1418 2432 in
1436 2375 1491 2430 alia
1508 2391 1537 2430 re
1553 2374 1741 2430 inconstantia

197 2455 401 2529 uituperatione
418 2459 504 2530 digne
520 2466 570 2516 est
606 2460 683 2516 Nam
699 2476 764 2516 oum
781 2461 872 2532 primo
890 2462 971 2517 certis
983 2463 1152 2534 quibusdam
1164 2463 1291 2530 uocibus,
1309 2461 1430 2518 maxime
1442 2458 1603 2517 nominibus
1615 2457 1741 2530 propriis,

73 2534 77 2609 ζ
196 2546 230 2596 nt
246 2542 342 2597 acies
360 2543 399 2614 (p.
417 2545 471 2614 86),
488 2545 685 2614 Aduatuca,
711 2544 902 2613 Aduatuci,
928 2546 1063 2616 Alesia,
1088 2545 1360 2618 antesignanus,
1382 2544 1562 2613 addidissem,
1589 2542 1691 2614 quibus
1709 2541 1740 2596 in

73 2656 75 2671 ι
197 2626 275 2682 libris
293 2628 328 2683 de
344 2627 389 2683 bis
407 2627 474 2698 ipsis
492 2628 588 2698 rebus,
611 2630 690 2697 locis,
715 2629 827 2701 populis
853 2631 1009 2686 accuratius
1034 2637 1108 2687 esset
1133 2630 1321 2703 disputatum,
1347 2627 1534 2701 aliquamdiu,
1561 2627 1738 2699 quodquam

199 2727 300 2766 mauce
317 2711 471 2768 necessario
488 2719 560 2769 esset
570 2714 639 2770 baec
650 2714 785 2769 librorum
796 2715 968 2770 enumeratio
980 2715 1184 2788 intellegebam,
1200 2715 1254 2772 hoc
1265 2713 1388 2769 indicare
1404 2713 1492 2769 omisi.
1518 2713 1619 2769 Postea
1638 2715 1741 2778 tamem

73 2808 76 2827 ¹
199 2812 265 2851 cum
282 2812 339 2851 non
357 2796 440 2867 pauci
457 2796 511 2852 uiri
528 2797 603 2854 docti
620 2798 693 2854 hano
710 2799 801 2870 ipsam
814 2814 914 2870 operae
925 2814 1003 2854 meae
1019 2806 1126 2870 partem
1139 2799 1316 2856 uehementer
1327 2797 1484 2869 probarent,
1501 2797 1593 2854 denuo
1608 2812 1650 2864 ea,
1669 2809 1743 2867 quac

73 2914 77 2955 t
197 2896 398 2952 congesseram,
415 2879 569 2938 adscribere
586 2883 727 2938 constitui
769 2883 826 2952 Ee,
854 2898 926 2954 queo
947 2883 978 2936 in
995 2883 1085 2940 lexico
1102 2885 1163 2956 ipso
1180 2899 1233 2939 suo
1250 2883 1312 2938 loco
1329 2881 1522 2938 desiderantur
1538 2895 1664 2952 quaeque
1681 2895 1742 2936 sero

74 2982 77 3003 ¹
200 2965 305 3033 inueni,
321 2965 352 3019 ln
369 2963 548 3021 Addendis
566 2967 691 3022 adiunxi.
717 2967 773 3024 Seri
785 2984 850 3023 cum
861 2968 952 3023 multa
964 2983 1000 3023 ax
1011 2967 1054 3037 lis,
1072 2985 1143 3040 quae
1160 2967 1333 3038 collegeram,
1351 2965 1461 3021 duobus
1479 2965 1565 3034 libris,
1582 2965 1630 3036 qul
1642 2964 1739 3020 6011111

75 3091 78 3104 r
202 3048 259 3104 fere
275 3054 399 3121 tempore
416 3053 500 3121 etque
511 3051 620 3106 lexicon
631 3068 726 3106 meum
738 3053 768 3108 in
780 3051 974 3123 Francogallia
990 3053 1020 3108 11
1036 3053 1129 3108 lucem
1146 3051 1316 3123 prodierunt,
1333 3049 1467 3106 contineri
1484 3049 1743 3116 animaduerterem,

73 3139 93 3209 j·
201 3135 304 3203 omnia,
321 3151 392 3206 quae
409 3135 468 3206 lpse
485 3136 700 3207 conquisieram,
726 3152 790 3191 cnm
807 3137 842 3192 iis
861 3136 974 3202 contuli,
993 3153 1065 3207 quae
1081 3137 1111 3192 in
1129 3134 1240 3192 duobus
1258 3135 1314 3190 illis
1331 3134 1408 3189 libris
1426 3140 1586 3192 enumerata
1603 3138 1682 3202 sunt,
1708 3137 1737 3188 et

203 3234 392 3290 quaecumque
409 3217 448 3274 ibi
460 3220 634 3291 reperiuntur
650 3220 710 3291 ipse
720 3221 899 3291 praetermisi.
930 3220 1048 3276 Illorum
1059 3221 1194 3278 librorum
1211 3222 1281 3276 alter
1297 3218 1446 3289 inscriptus
1463 3225 1519 3275 est:
1538 3217 1743 3287 Bibliopraplrr‘e

74 3325 83 3347 v
123 3331 126 3338 .
196 3301 320 3372 gererale
330 3303 376 3357 des
389 3303 497 3358 (11111111.
524 3304 681 3374 Riperloire
692 3305 886 3376 mammam
897 3310 921 3359 et
935 3305 1124 3374 alphatitique
1139 3305 1185 3359 des
1202 3321 1340 3374 onorcqm,
1358 3304 1502 3358 memoiree
1518 3308 1543 3358 et
1559 3304 1661 3357 rectiore
1678 3319 1739 3356 corr·

73 3421 80 3460 :
201 3393 315 3443 moret
333 3388 477 3458 l'lsrsioira,
495 3388 524 3442 ln
541 3387 728 3459 topographia
746 3389 775 3442 lc
790 3388 921 3457 religion,
947 3389 985 3443 lea
1002 3389 1153 3460 macae
1176 3395 1200 3444 et
1218 3389 1241 3444 ie
1258 3390 1372 3459 hacope
1388 3388 1420 3442 de
1437 3387 1466 3441 ln
1486 3387 1573 3442 Gnade
1581 3387 1698 3456 jusqu'o
1714 3387 1744 3440 lc

197 3472 241 3541 ,se
258 3473 297 3525 aa
319 3471 353 3526 r·
374 3472 462 3540 essse,
480 3489 537 3542 par
557 3457 710 3528 oa-rtsse
726 3471 850 3527 saorra
884 3471 970 3527 Pasa
987 3473 1152 3540 1880-863
1179 3474 1249 3530 aar
1275 3473 1449 3528 menuitur:
1475 3471 1681 3540 serasque
1697 3472 1743 3524 sa

75 3576 78 3621 ι
200 3555 1538 3628 ammturniqwaareteolops'quepatlieporamarmurmultus,
1564 3555 1742 3610 11161161...
1852 3588 1855 3597 -

195 3656 252 3710 per
268 3639 367 3693 Rcbert
383 3639 415 3694 de
434 3642 616 3712 Lasteyrie
631 3647 656 3696 et
673 3641 782 3712 1111196111
800 3641 1055 3711 LatiarePoatcla's.
1089 3642 1176 3697 Pcrr'a
1193 3643 1270 3696 1885
1286 3659 1343 3711 sqq.
1369 3640 1439 3696 Eius
1455 3655 1537 3712 quem
1549 3639 1670 3695 secundo
1681 3639 1743 3694 loco

199 3724 415 3780 commemoraui
433 3723 497 3781 libri
514 3727 565 3781 uix
582 3726 726 3782 dimidiam
743 3732 851 3798 partem
868 3728 1025 3784 absolutam
1043 3743 1110 3796 esse,
1127 3743 1193 3783 oum
1211 3726 1346 3800 singulari
1363 3723 1484 3796 quadarn
1501 3739 1568 3780 cura
1585 3729 1669 3793 atque
1680 3722 1741 3778 dili-

76 3820 79 3835 *
199 3811 296 3882 gentis
311 3809 454 3865 confectus
471 3811 517 3879 sit,
534 3811 616 3868 ualde
633 3811 718 3869 dolui.
753 3813 867 3870 Horum
888 3814 1023 3870 librorum
1045 3811 1076 3866 iu
1093 3811 1237 3868 addendis
1254 3812 1367 3867 demum
1384 3809 1520 3864 rationem
1537 3807 1639 3862 bebere
1654 3807 1741 3878 potui.

201 3925 234 3934 —
252 3895 288 3950 In
305 3894 417 3965 reliquis
435 3892 518 3950 rebus
535 3895 651 3952 eandem
669 3913 754 3969 quem
772 3898 863 3970 priore
879 3898 1023 3954 uolumine
1042 3897 1177 3953 rationem
1194 3895 1313 3964 institui,
1330 3894 1385 3950 nisi
1402 3893 1477 3964 quod
1494 3891 1559 3947 inde
1576 3909 1594 3947 e
1610 3891 1703 3946 littere
1713 3893 1740 3946 1¹

200 3979 364 4052 interposita
380 3978 474 4034 littere
491 3979 539 4050 <ο>
558 3980 721 4052 sigulficaui,
737 3984 767 4039 in
784 3983 934 4038 uerborum
950 3983 1048 4038 ordine
1064 3981 1218 4052 discrepare
1246 3981 1332 4036 libros
1343 3995 1430 4033 manu
1441 3977 1565 4049 scriptos,
1583 3991 1648 4031 oum
1660 3979 1743 4030 antea

201 4064 356 4136 quamlibet
372 4061 510 4119 librorum
527 4063 726 4124 dissensionem
744 4067 911 4124 indicassem
928 4067 1021 4123 littere
1039 4067 1096 4138 (e).
1131 4066 1277 4122 Praeterea
1294 4065 1324 4119 in
1336 4063 1422 4119 altero
1433 4061 1576 4118 uolumine
1587 4058 1742 4131 religiosius

199 4148 286 4203 etiam
303 4164 388 4219 quem
406 4148 436 4202 in
453 4149 543 4219 priore
560 4151 687 4207 codicum
705 4154 871 4224 scripturam
889 4152 998 4224 respexi
1015 4168 1048 4208 eo
1064 4152 1200 4224 plurimos
1226 4151 1302 4207 locos
1328 4148 1419 4204 denuo
1435 4145 1609 4214 memnoni,
1634 4159 1670 4199 nc
1694 4143 1743 4215 qui

199 4247 274 4288 error
290 4233 452 4304 subreperet
468 4233 499 4286 in
516 4234 645 4291 codicum
663 4237 848 4310 discrepantia
863 4235 1019 4292 indicanda
1065 4238 1142 4306 Quae
1158 4241 1253 4292 autern
1279 4233 1407 4290 codicum
1424 4231 1554 4286 lectiones
1572 4227 1742 4294 adimuntur,

199 4331 246 4372 eas
264 4317 446 4388 comportare
464 4318 501 4373 ed
518 4334 606 4375 unum
623 4319 695 4375 illud
717 4321 898 4390 uocabulum,
924 4322 1000 4393 qnod
1018 4319 1170 4390 antecedit,
1186 4319 1322 4392 pertinere
1339 4332 1451 4386 moneo,
1478 4315 1532 4369 ⁰1⁵¹
1549 4314 1572 4370 ⁸5
1589 4313 1744 4386 10011111κθ

75 4416 82 4491 j
206 4401 273 4458 setis
296 4400 418 4457 declaret
435 4401 470 4457 ad
489 4404 572 4474 plura
588 4404 674 4460 uerba
690 4420 737 4460 aas
754 4421 814 4462 esse
831 4406 994 4462 referendas.
1012 4437 1046 4447 -
1064 4406 1228 4462 Orationum
1246 4401 1371 4459 Caesaris
1388 4417 1483 4456 earum
1501 4403 1612 4454 tautum
1629 4414 1674 4454 me
1690 4399 1742 4454 du·

200 4485 274 4542 xisae
285 4486 430 4554 rationem,
447 4504 516 4558 quas
528 4505 546 4544 a
557 4489 674 4546 Caesam
691 4489 843 4562 scriptas
855 4507 915 4546 esse
925 4495 1043 4560 constat,
1060 4507 1142 4546 nemo
1158 4488 1280 4562 prudens
1297 4485 1470 4558 improbabit
1500 4483 1602 4556 Itaque
1614 4485 1742 4542 consulto

198 4587 241 4639 ee,
259 4587 331 4643 quae
347 4588 365 4627 e
382 4571 520 4627 Suetonio
537 4575 586 4642 (D.
604 4574 660 4629 Iul.
678 4574 722 4644 66)
741 4574 852 4630 Caesari
869 4575 1040 4644 tribuuntur,
1059 4590 1230 4646 quamquam
1247 4577 1276 4628 et
1293 4589 1311 4628 e
1327 4570 1482 4641 Merguetic
1499 4575 1528 4625 et
1543 4585 1562 4624 a
1573 4569 1685 4642 Mcngio
1701 4586 1742 4626 re·

198 4662 279 4728 cepte
296 4660 372 4725 sunt,
389 4659 493 4729 spreui,
512 4659 676 4731 praesertim
694 4674 760 4713 curn
776 4659 865 4715 oratio
881 4659 942 4732 ipsa
958 4659 1061 4714 clamet
1077 4659 1201 4716 Caesaris
1218 4657 1268 4714 illa
1285 4655 1370 4712 uerba
1386 4671 1443 4711 non
1461 4671 1527 4711 esse

302 4741 395 4810 Quem
415 4741 452 4796 ed
469 4743 585 4799 modum
603 4743 734 4815 inprimi
751 4743 903 4800 uoluminis
920 4745 1090 4816 praefatione
1106 4743 1246 4817 pollicitus
1267 4757 1345 4810 surn,
1371 4740 1498 4798 tabulam
1523 4739 1743 4798 coniecturarum

201 4826 267 4883 huic
285 4827 424 4882 uolumini
441 4827 538 4885 adieci.
573 4830 742 4888 Vniuersam
765 4845 832 4885 uero
855 4829 1001 4885 meliorum
1027 4829 1181 4886 editionum
1207 4827 1378 4894 uarietatem,
1403 4842 1573 4898 quemqnam
1599 4825 1742 4882 collectam

75 4953 76 4959 ,
199 4911 297 4981 babeo,
314 4917 425 4982 111111,
450 4929 486 4969 ne
508 4914 698 4987 duplicaretur
714 4915 799 4970 buius
816 4915 929 4972 tabulae
945 4915 1082 4986 ambitus,
1109 4913 1210 4970 addere
1226 4911 1311 4968 uolui.
1346 4913 1390 4968 Ac
1406 4912 1528 4984 plurima
1546 4928 1582 4968 ex
1599 4911 1646 4979 iis,
1672 4926 1743 4982 quae

204 4999 385 5069 praetermisi,
401 4999 507 5055 nudius
524 5004 659 5059 momenti
677 5007 756 5070 sunt;
774 5017 846 5072 quae
862 5002 944 5057 utilia
960 5007 1035 5070 sunt,
1051 5017 1085 5058 oa
1101 5000 1195 5056 omnia
1212 4997 1241 5051 lu
1259 4997 1384 5052 tabulam
1401 4997 1480 5054 illarn
1498 4997 1594 5070 recept

1560 5089 1576 5118 ο
