4080 5586
327 267 356 330 Il

431 435 615 491 Continentur
622 435 708 507 igitur
719 436 771 491 hoc
782 435 854 491 libro
863 436 1009 492 hominnm
1018 438 1162 493 doctomm
1172 438 1352 505 coniecturae,
1368 433 1470 508 quibus
1479 436 1602 492 Caesaris
1610 435 1869 492 commentariorum

328 519 420 584 narba
440 520 534 591 qualia
545 520 741 575 uetustissimis
758 520 837 575 libris
854 538 941 577 manu
958 521 1066 594 scriptis
1078 521 1225 576 memoriae
1236 527 1303 577 snut
1316 521 1427 590 tradita
1438 522 1584 576 emendare
1594 522 1687 577 conati
1698 525 1771 576 sunt.
1791 519 1869 588 Quas

327 607 360 658 ut
377 604 543 675 colligerem,
559 603 690 660 tredecim
702 620 838 660 annornm
850 607 941 677 spatio
952 607 1016 678 plus
1034 607 1089 662 tria
1105 606 1183 661 milia
1200 605 1376 661 uoluminum
1393 611 1579 677 perscrutatus
1599 621 1675 661 sum:
1693 605 1825 660 sditioms
1842 609 1870 659 et

328 687 451 743 Caesaris
471 693 500 744 et
520 689 671 744 multorum
695 689 859 761 scriptorum
876 690 1044 746 Graecorum
1063 691 1321 761 Romanorumque,
1338 695 1403 746 acta
1419 689 1555 746 litteraria
1571 690 1870 760 commentationesque

326 771 536 838 academiarum,
555 774 760 829 dissertationes
773 775 959 847 inauguralos,
978 775 1086 831 libellos
1098 773 1315 847 gymnasiorum,
1332 775 1455 842 males,
1475 772 1670 844 ephemerides,
1686 773 1869 841 miscellanea,

326 857 465 926 symbolas
487 857 648 926 litterarius,
674 857 853 916 bibliothecas
880 861 1001 929 critices,
1024 860 1291 928 animaduersiones,
1313 859 1535 927 obseruationes,
1562 857 1701 926 analecta,
1726 857 1870 930 opuscula,

326 941 417 996 multa
439 939 507 1010 alia,
532 958 604 1013 quse
625 942 736 1013 quidem
759 943 906 1015 usquead
928 945 1033 1000 exitum
1051 945 1118 999 anni
1135 945 1201 1000 1891
1220 941 1326 1014 publici
1342 942 1412 998 iuris
1429 943 1503 999 iacta
1520 947 1595 998 sunt.
1631 941 1809 1013 Quamquam
1835 958 1870 998 ex

327 1026 451 1080 maxima
461 1025 561 1081 horum
571 1027 705 1082 librorum
717 1027 929 1099 libellorumque
946 1033 1033 1100 parte,
1050 1045 1120 1100 quoa
1139 1027 1248 1099 inspexi
1264 1033 1293 1083 et
1304 1027 1442 1096 uolutaui,
1458 1033 1509 1083 ant
1525 1027 1635 1081 nullum
1652 1032 1703 1081 ant
1719 1027 1869 1082 admodum

326 1110 459 1180 exiguum
476 1109 598 1166 fructum
615 1113 731 1182 percepi.
766 1111 811 1166 Ex
834 1113 974 1168 ueteribus
991 1115 1117 1183 camede
1134 1113 1394 1169 commentariorum
1412 1111 1581 1168 editionibus
1598 1110 1743 1182 diligenter
1760 1111 1867 1166 contuli

326 1193 474 1249 editionem
501 1195 669 1266 prinoipem,
691 1195 826 1252 Aldinam
851 1198 955 1267 (1513),
980 1197 1119 1252 Parisinus
1142 1197 1296 1255 Vasoosani
1317 1203 1346 1252 et
1362 1197 1433 1252 Rob.
1453 1195 1596 1267 Stephani,
1619 1211 1654 1251 er
1672 1194 1868 1251 recentioribus

328 1277 494 1346 Schneideri,
511 1279 670 1350 Nipperdei,
688 1279 825 1351 Frigellii,
842 1281 983 1349 Diihnerl,
1004 1281 1114 1336 Dinteri
1131 1283 1264 1352 priorem,
1287 1279 1404 1336 Holderl
1422 1281 1563 1336 editiones.
1598 1279 1712 1349 Imperi
1730 1284 1870 1351 praetores

326 1362 458 1418 editiones
476 1363 612 1432 Beroaldi,
629 1364 711 1419 Pauli
728 1364 858 1433 Μιιιιὶι,
874 1365 976 1436 Lipsii,
994 1363 1125 1436 Scaligori
1143 1365 1273 1420 omnibns
1289 1365 1323 1419 iis
1340 1365 1423 1433 locis,
1442 1364 1557 1435 quibus,
1574 1380 1639 1419 cum
1661 1363 1794 1418 mendum
1811 1378 1871 1418 ease

326 1446 454 1501 uideatur
472 1447 502 1501 in
522 1447 662 1504 codicibus
684 1465 770 1503 manu
792 1449 915 1521 scriptis,
938 1450 1010 1505 inter
1036 1464 1065 1505 se
1082 1450 1240 1522 discrepant
1256 1448 1382 1504 editores.
1402 1449 1457 1504 Sed
1474 1464 1508 1503 ex
1525 1448 1633 1520 ingenti
1650 1449 1869 1504 coniecturarum

327 1547 442 1586 numero
459 1547 515 1586 non
533 1534 622 1604 recepi
639 1549 699 1602 eas,
725 1549 796 1604 quae
809 1535 911 1590 idcirco
928 1551 946 1589 a
962 1535 1030 1590 uiris
1047 1534 1135 1590 doctis
1152 1533 1242 1589 factae
1257 1538 1339 1600 sunt,
1364 1533 1441 1604 quod
1466 1532 1613 1588 meliorum
1630 1531 1764 1588 librorum
1782 1547 1871 1585 mann

327 1616 491 1688 scriptorum
513 1616 658 1673 lectionem
675 1617 853 1688 ignorabant,
875 1634 964 1690 neque
980 1635 1044 1687 eas,
1061 1635 1132 1690 quse
1149 1633 1261 1689 prorsus
1278 1615 1415 1673 absurdae
1431 1621 1505 1672 sunt.
1541 1616 1629 1688 Saepe
1640 1633 1707 1672 sane
1724 1615 1870 1683 haesitani,

327 1707 422 1757 utrum
439 1717 682 1758 commemorarem
700 1707 788 1757 certas
806 1703 942 1774 quosdam
959 1703 1130 1758 coniecturas
1147 1719 1184 1757 an
1202 1703 1311 1758 silentio
1328 1702 1584 1773 praetermitterem.
1615 1701 1759 1756 Praestare
1777 1705 1870 1756 tamen

327 1787 418 1840 nisum
436 1793 479 1842 est
496 1802 579 1858 quam
596 1787 718 1841 maxime
734 1802 793 1842 esse
809 1787 839 1841 in
855 1786 908 1842 hac
926 1803 954 1842 re
971 1787 1096 1855 facilem,
1118 1786 1272 1852 liberalem,
1290 1785 1489 1856 indulgentem.
1525 1785 1625 1856 Itaque
1641 1801 1697 1841 non
1715 1801 1776 1841 raro
1793 1801 1869 1841 men-

326 1872 429 1926 tionem
448 1871 499 1926 ieoi
516 1871 743 1940 coniecturarum,
760 1888 831 1943 quae
849 1877 942 1943 aperte
958 1871 1044 1926 falsae
1062 1877 1130 1926 sunt
1146 1871 1360 1944 longissimeque
1377 1887 1395 1924 a
1411 1884 1478 1924 uero
1495 1869 1658 1938 abhorrent,
1676 1871 1699 1925 si
1717 1874 1767 1925 ant
1783 1869 1869 1941 pluri·

327 1955 378 2010 bus
404 1955 565 2010 hominibus
586 1956 675 2012 doctis
693 1957 795 2028 dignae
819 1958 896 2012 uhae
918 1961 985 2011 sunt
1006 1957 1266 2012 commemoratione
1289 1960 1339 2011 ant
1360 1955 1438 2010 locus
1463 1954 1523 2022 ille,
1549 1969 1633 2024 quem
1655 1971 1752 2009 sanare
1769 1970 1870 2009 conan-

327 2047 380 2106 tur,
399 2055 510 2110 prorsus
527 2046 570 2095 est
586 2040 755 2112 desperatus.
782 2040 957 2096 Recentioros
971 2041 1087 2110 codices,
1104 2043 1207 2112 quippe
1223 2042 1272 2112 qui
1289 2041 1422 2112 originem
1441 2039 1545 2094 ducant
1556 2054 1651 2094 omnes
1664 2055 1698 2094 ex
1711 2039 1868 2094 uetustiori-

326 2125 393 2192 bus,
410 2126 458 2196 qui
475 2125 558 2180 ctiam
576 2141 651 2180 nunc
668 2129 790 2190 exstant,
814 2126 843 2180 in
862 2125 940 2180 Bello
957 2125 1064 2181 Gallico
1081 2125 1164 2197 plane
1182 2125 1306 2196 neglexi;
1333 2125 1380 2180 sed
1407 2125 1463 2179 alia
1479 2123 1650 2178 instituenda
1671 2123 1725 2179 fuit
1747 2123 1817 2179 ratio
1842 2125 1870 2178 in

328 2209 397 2264 Belli
415 2210 514 2265 Ciuilis
540 2209 752 2265 commentariis.
787 2209 822 2264 In
852 2209 992 2266 ueteribus
1020 2210 1094 2265 enim
1117 2210 1286 2265 editionibus
1305 2211 1372 2265 satis
1391 2208 1496 2264 multae
1512 2212 1625 2263 exstant
1641 2209 1781 2276 lectiones,
1799 2225 1871 2280 quae

327 2311 496 2366 quamquam
517 2311 552 2350 ex
572 2293 767 2350 recentioribus
785 2299 894 2350 tantum
913 2293 1055 2350 codicibus
1074 2295 1164 2350 adhuc
1181 2295 1307 2366 cognitae
1328 2299 1411 2362 sunt,
1433 2299 1526 2348 tamen
1548 2299 1598 2348 ant
1621 2307 1703 2348 uerae
1725 2298 1775 2348 aut
1798 2299 1871 2348 certe

327 2395 383 2434 non
409 2380 491 2450 plane
516 2379 667 2435 reiciendae
692 2379 829 2434 uidentur.
870 2379 915 2434 Er
940 2378 984 2434 his
1010 2395 1066 2434 non
1088 2396 1191 2452 paucas
1215 2396 1250 2435 ex
1273 2380 1392 2435 uetustis
1415 2378 1492 2433 libris
1519 2378 1733 2450 manuscriptis
1756 2377 1871 2432 fluxisse

326 2465 421 2520 docuit
438 2481 483 2519 me
500 2463 600 2519 codicis
617 2463 872 2520 Ashburnhamiani
890 2469 918 2519 et
934 2465 1020 2535 partis
1038 2465 1183 2520 cuiusdam
1200 2464 1384 2536 antiquieslmi
1400 2463 1501 2520 codicis
1522 2462 1700 2519 Laurentiani
1718 2463 1766 2534 (pl.
1780 2463 1829 2530 68,
1845 2463 1871 2532 8)

328 2549 446 2604 collatio.
459 2549 559 2621 Itaque
575 2565 766 2621 quaecumque
777 2554 903 2606 ueterum
916 2550 1069 2605 editionum
1082 2550 1214 2605 lectiones
1232 2551 1261 2605 in
1278 2549 1481 2605 commentariis
1498 2547 1533 2602 de
1546 2549 1624 2603 Bello
1635 2547 1719 2604 Oiuili
1737 2564 1755 2603 a
1771 2547 1872 2603 codiol-

327 2633 380 2688 bus
398 2651 415 2687 a
433 2637 477 2702 (ε
494 2635 565 2702 esici)
592 2635 778 2706 discrepantes
804 2639 855 2689 aut
873 2635 960 2690 bonae
978 2641 1028 2690 aut
1045 2640 1118 2690 certe
1134 2650 1191 2689 non
1208 2634 1407 2706 improbandae
1424 2636 1501 2689 uisas
1517 2639 1597 2700 sunt,
1615 2631 1725 2688 etiamsi
1740 2646 1777 2686 ex
1794 2631 1871 2686 libris

327 2734 407 2772 mscr.
427 2719 529 2789 petitae
545 2726 620 2788 sunt,
637 2736 685 2775 eas
702 2735 798 2774 omnes
815 2719 845 2773 in
862 2719 934 2774 hanc
951 2718 1078 2774 tabulam
1095 2719 1264 2792 recipiendas
1282 2720 1449 2775 existimaui.
1495 2717 1630 2773 Consulto
1656 2715 1686 2771 in
1704 2722 1762 2772 toto
1789 2731 1871 2788 opere

326 2802 408 2857 omisi
425 2803 541 2858 leuiores
567 2804 700 2875 quasdam
723 2820 781 2872 res,
808 2803 888 2859 uelut
904 2803 1117 2875 discrepantiam
1144 2806 1173 2859 in
1191 2805 1307 2861 uocibus
1325 2809 1478 2873 et-oique,
1504 2818 1685 2870 aec-mqroe,
1710 2817 1873 2868 neu-ocae,

327 2888 756 2958 conumque—confirmabas,
773 2887 878 2958 ii-br',
896 2905 1021 2962 quaeque
1038 2895 1088 2946 aut
1105 2891 1141 2944 ad
1158 2890 1384 2962 orthographiam
1397 2905 1482 2961 quam
1499 2887 1598 2943 dicunt
1613 2885 1752 2958 pertinent
1769 2889 1819 2940 ant
1836 2884 1872 2939 ad

328 2971 477 3027 uerborum
495 2974 723 3029 conlocationem.

396 3057 468 3112 (ium
480 3059 602 3113 maxime
614 3057 746 3113 breuitati
754 3064 827 3114 osset
835 3058 1014 3126 studendum,
1025 3059 1107 3114 certis
1116 3058 1282 3129 quibusdam
1297 3058 1383 3130 signis
1395 3058 1523 3127 notisque
1541 3059 1699 3111 constanter
1716 3068 1784 3107 usus
1801 3068 1872 3106 sum.

328 3141 480 3197 Stellnla
504 3142 648 3197 homiuum
676 3142 851 3214 quorundam
876 3142 1020 3198 doctorum
1046 3144 1206 3198 nominibus
1233 3143 1360 3214 adposita
1384 3141 1499 3212 (·Pau1,
1525 3139 1706 3206 ‘WNe'tecte,
1733 3135 1873 3205 'PHorre,

328 3225 478 3295 ’ΒΚιιιιιη
495 3227 603 3296 way.)
620 3227 751 3296 indicaui,
768 3228 818 3282 hos
836 3228 910 3282 uiros
928 3232 977 3282 aut
994 3232 1150 3298 praesentes
1167 3231 1217 3282 aut
1233 3243 1283 3298 per
1299 3227 1405 3281 litteras
1422 3241 1465 3293 ea,
1482 3241 1554 3295 quae
1571 3224 1745 3286 adferuntur,
1764 3238 1871 3277 mecum

327 3312 553 3367 communicasse.
572 3311 673 3367 Binis
692 3311 850 3367 stellulis
867 3312 1031 3382 significani,
1048 3313 1221 3368 coniecturae
1232 3316 1372 3365 auctorem
1385 3309 1513 3365 arbitrari
1526 3324 1611 3363 unam
1623 3323 1720 3362 nocem
1740 3307 1873 3375 interisse,

327 3401 360 3451 ut
376 3397 479 3464 3,64,1
498 3396 672 3464 ,‚“cohortss
689 3397 834 3464 Forcbb.“;
861 3397 971 3452 ternis
992 3396 1151 3451 stellulis
1168 3395 1309 3450 indicatur
1325 3395 1406 3464 plura
1423 3392 1509 3449 uerba
1525 3392 1702 3460 intercidisse,
1720 3397 1753 3446 ut
1770 3391 1872 3462 1,18,3

327 3496 374 3549 „ee
400 3481 613 3536 deiecerunt*
640 3483 735 3536 Attius
753 3481 843 3535 Pcai‘
871 3482 946 3536 idem
971 3481 1046 3536 ualet
1072 3480 1147 3552 quod
1174 3479 1264 3549 „Pard
1289 3484 1382 3534 censet
1408 3479 1480 3535 inter
1505 3493 1587 3533 uoces
1614 3476 1820 3534 deiecerunt
1845 3481 1874 3533 et

327 3566 449 3619 Attius
467 3565 547 3636 plura
564 3581 582 3620 a
598 3565 717 3620 librariis
730 3581 788 3621 esse
806 3567 932 3621 omissa.“
968 3565 1141 3622 Vncorum
1159 3566 1213 3620 tria
1231 3565 1288 3635 (uel
1306 3567 1452 3635 quattuor)
1470 3561 1584 3617 adhibui
1595 3579 1706 3634 genera:
1725 3563 1871 3631 BG.11,1

328 3648 439 3719 „aliam]
459 3649 574 3704 alteram
593 3650 728 3719 Aineoa'n,
746 3650 854 3706 Hoim.“
872 3651 1035 3722 significare,
1051 3649 1081 3704 in
1098 3649 1176 3704 libris
1193 3655 1222 3705 et
1238 3650 1348 3721 scriptis
1366 3653 1395 3704 et
1411 3646 1493 3702 oditis
1510 3653 1618 3704 exstare
1636 3649 1738 3704 aliam
1756 3662 1874 3718 eamque

329 3747 424 3786 norem
442 3733 479 3788 ab
497 3733 627 3791 Aimoino
648 3741 677 3790 et
694 3736 839 3791 Hotmano
865 3735 967 3790 mutari
994 3735 1024 3788 ln
1050 3749 1148 3790 uocem
1171 3733 1333 3802 alteram,
1359 3734 1409 3788 uix
1429 3737 1472 3788 est
1497 3733 1571 3805 quod
1588 3748 1812 3798 commemorem
1840 3763 1873 3770 —

329 3815 381 3884 „ab
399 3816 459 3871 ulils
478 3819 605 3890 [quaerit]
617 3819 704 3890 Lipa,
723 3820 811 3874 Scala
824 3820 850 3887 (I
860 3821 902 3888 18,
911 3822 939 3888 2)
956 3820 1093 3890 significat
1109 3819 1139 3872 in
1157 3818 1297 3873 codicibus
1314 3833 1374 3873 esse
1391 3818 1478 3873 uerba
1494 3817 1536 3872 ab
1554 3818 1636 3873 aliis
1653 3817 1808 3889 quaerit,
1825 3815 1873 3871 sed

329 3899 446 3956 uerbum
464 3903 604 3972 quaerit
621 3919 639 3958 a
655 3904 749 3975 Lipsio
766 3908 795 3960 et
817 3904 956 3975 scaligero
973 3903 1070 3970 deleri;
1087 3931 1120 3942 -
1140 3901 1216 3972 „<et>
1234 3907 1299 3957 ante
1316 3919 1346 3958 se
1363 3901 1458 3968 Asiba
1480 3907 1543 3958 acti.
1560 3903 1637 3956 edd.“
1656 3901 1722 3972 (ΒΟ.
1740 3903 1766 3970 1,
1783 3901 1826 3969 70,
1842 3901 1873 3971 3)

329 3985 467 4056 significat
493 3987 658 4057 particulam
684 3995 716 4043 et
741 3989 771 4042 in
789 3988 868 4044 codd.
895 4006 913 4042 a
939 3987 1021 4058 (aflai)
1048 3986 1143 4041 deesse
1149 4025 1156 4054 ,
1183 3986 1248 4040 addi
1264 3988 1294 4041 in
1314 3986 1373 4042 cod.
1397 3987 1483 4042 Ashb.
1502 3993 1530 4042 et
1547 3987 1686 4042 ueteribus
1703 3985 1873 4040 editionibus

329 4071 496 4140 (quattuor);
525 4071 589 4139 „sed
617 4071 760 4144 (illatum)
786 4072 939 4128 defenderit
964 4072 1073 4127 (ιιίιιι.ιι
1090 4070 1116 4140 (I
1125 4071 1168 4138 44,
1177 4071 1204 4140 6)
1221 4069 1358 4141 significat
1375 4071 1551 4143 participium
1577 4072 1718 4126 illatum
1740 4070 1771 4124 ln
1795 4069 1873 4124 nullo

329 4153 423 4209 codice
441 4170 526 4209 manu
543 4156 646 4226 scripto
663 4157 793 4224 inueniri,
815 4156 879 4213 addi
897 4174 915 4212 a
932 4156 1090 4224 ciacconlo;
1114 4187 1148 4195 -
1173 4155 1309 4210 lunulis
1326 4155 1489 4228 plerumque
1512 4157 1613 4213 inclusi
1630 4173 1676 4212 eas
1693 4154 1874 4224 coniecturas,

330 4255 399 4308 quaa
416 4239 470 4309 ipsi
488 4245 612 4295 auctores
630 4239 790 4296 dubitanter
806 4247 1020 4312 proposuerunt,
1039 4246 1071 4296 nt
1089 4241 1192 4308 vta,1
1213 4243 1331 4311 „(ncqne
1347 4241 1436 4297 enim
1455 4243 1510 4298 nel
1527 4241 1646 4314 paruulo
1668 4239 1800 4308 Other.)“;
1819 4255 1874 4294 non

330 4338 484 4393 numquam
500 4323 529 4378 in
547 4325 580 4378 iis
597 4325 761 4380 lectionibus
773 4342 841 4380 usus
853 4342 917 4380 sum
930 4327 974 4380 his
986 4325 1099 4394 lunulis,
1111 4341 1180 4396 quae
1192 4341 1226 4380 ex
1240 4324 1421 4381 deterioribus
1439 4325 1579 4382 codicibus
1597 4325 1728 4380 uidentur
1749 4324 1875 4380 hausisse

331 4413 436 4463 ueteres
453 4407 585 4477 editores,
602 4409 681 4463 uelut
698 4408 825 4478 11124,1
846 4410 933 4479 „(acie
949 4411 1126 4466 instructa
1142 4413 1205 4464 aas.
1221 4409 1318 4479 edd.)“.
1331 4441 1365 4449 —
1383 4411 1413 4467 Si
1431 4427 1501 4483 quae
1518 4409 1673 4465 emendatio
1690 4410 1727 4465 ab
1746 4409 1875 4464 omnibus

330 4491 481 4546 editoribus
499 4497 609 4564 recepta
625 4498 676 4562 est,
694 4509 755 4547 eam
767 4493 863 4548 addito
881 4495 1001 4549 auctoris
1018 4496 1130 4550 nomine
1148 4494 1241 4565 primo
1259 4494 1321 4550 loco
1338 4495 1426 4566 posui,
1445 4495 1550 4551 subieci
1561 4493 1688 4550 codicum
1701 4493 1876 4565 scripturam,

331 4581 365 4631 nt
381 4577 407 4644 (Ι
418 4579 442 4643 1,
451 4577 491 4645 διε
520 4577 663 4645 „Oceauo,
689 4576 791 4632 finibus
810 4577 968 4649 Belgarum,
986 4579 1099 4650 attingit
1116 4581 1200 4634 etiam
1218 4578 1294 4644 Ald.;
1319 4594 1454 4635 oceanum
1472 4579 1574 4636 finibus
1591 4579 1736 4650 belgarmn
1755 4578 1875 4649 attingit

331 4661 415 4716 etiam
426 4661 485 4728 X;“
499 4662 568 4731 (3,1,
579 4663 602 4730 6)
613 4661 680 4727 ,hos
687 4662 726 4716 cd.
735 4662 908 4730 pr.;hoca.“
936 4662 966 4718 si
977 4663 1182 4718 omnealibriet
1198 4680 1283 4718 manu
1299 4665 1395 4736 scripti
1414 4669 1442 4718 et
1460 4663 1535 4735 typis
1551 4664 1673 4736 expressi
1691 4661 1877 4730 consentiunt,

332 4746 504 4800 coniecturas
520 4744 665 4800 hominum
683 4745 828 4801 doctorum
845 4747 1009 4818 plerumque
1025 4748 1066 4802 ita
1082 4747 1189 4815 adfero,
1216 4753 1249 4802 ut
1266 4765 1298 4804 ea
1314 4748 1414 4816 uerba,
1435 4749 1464 4803 ln
1482 4748 1583 4820 quibus
1600 4747 1747 4804 discedunt
1763 4747 1799 4802 ab
1817 4761 1875 4801 om·

332 4829 415 4884 nibus
433 4828 524 4897 libris,
550 4830 682 4885 litteris
708 4830 823 4885 latins
844 4830 1030 4902 dispositis
1052 4833 1170 4888 indicem
1194 4839 1276 4904 atque
1293 4834 1477 4904 distinguam
1500 4834 1536 4890 cf.
1552 4833 1657 4903 2,41,8
1675 4831 1804 4901 ,dortrma
1821 4847 1876 4886 ser·

333 4929 399 4969 uare
415 4913 591 4969 uoluisset
612 4913 797 4969 amaeam
816 4915 891 4986 (libri
908 4931 1004 4971 omnes
1020 4916 1136 4972 habent:
1153 4917 1265 4973 fortuna
1282 4933 1391 4974 aeruare
1408 4917 1562 4990 potuisset).
1581 4949 1615 4962 -·
1631 4918 1775 4973 Praeterea
1788 4915 1877 4984 descr-

332 4998 415 5054 deuda'
430 5003 459 5054 et
476 4999 572 5052 incedi
587 4998 672 5054 nerbo
689 4999 729 5054 ita
746 5015 853 5071 semper
870 5015 937 5056 usus
955 5017 1027 5072 sum,
1045 5006 1078 5057 ιι
1095 5001 1130 5057 ad
1146 5003 1273 5059 codicum
1291 5021 1371 5060 mscr.
1394 5005 1479 5060 uerba
1495 5006 1645 5076 pertineat,
1672 5001 1753 5058 uelut
1770 5001 1814 5058 VI
1824 5001 1877 5070 5,2
